2386 3822
584 149 631 218 58

180 332 274 396 Porro
296 330 422 398 Samuel
444 330 583 394 edixerat
603 339 638 392 ut
665 349 698 392 se
721 341 776 410 pe'r
797 336 917 410 septem
944 323 1013 388 dies
1037 345 1094 388 ex·

137 427 308 498 paetereut‚
322 435 399 480 neve
421 435 546 478 manum
569 433 643 476 cum
664 412 752 476 hoste
777 411 859 494 priris
881 421 1092 488 consererent,
1179 457 1180 460 ,

138 502 228 582 quam
243 501 309 584 ipse
323 501 449 562 veniens
463 499 533 563 Deo
547 496 732 560 sacrificium
748 495 874 559 faceret.

179 585 239 648 Die
260 585 401 668 septimo,
423 604 518 666 quum
541 582 666 645 Samuel
688 592 867 658 moraretur,
895 589 928 642 et
956 580 1092 664 populus

136 689 232 732 morae
246 681 395 752 pertaesus
409 669 608 744 dilaberetur,
623 665 696 730 Saul
721 665 788 748 ipse
813 663 999 728 sucrificium
1015 663 1092 729 fecit

137 751 209 816 loeo
225 754 403 817 sacerdotis.

180 837 240 902 Vix
267 850 395 921 peracto
430 836 592 911 sacrificio,
628 834 712 900 venit
747 833 884 910 Samuel,
921 854 1090 916 regemque

136 922 269 1006 graviter
290 921 497 1005 reprehendit,
519 921 602 1003 qudd
625 939 736 983 munus
764 917 921 1002 proprium
945 919 1091 982 sacerdo-

138 1016 203 1070 tum
217 1007 275 1070 sibi
290 1017 405 1070 temere
421 1005 645 1089 arrogavisset.‘

577 1129 646 1188 109.

182 1227 254 1292 Saul
279 1239 396 1312 postea,
408 1229 538 1313 jubente
553 1227 632 1304 Deo,
647 1227 764 1290 bellum
778 1225 960 1291 Amaleeitis
974 1227 1089 1294 intulit.

178 1313 280 1376 Primd
294 1335 358 1376 rem
373 1314 454 1378 bene
468 1313 574 1397 gessit.
618 1313 700 1375 caesi
722 1321 793 1374 suut
806 1311 920 1390 hostes,
934 1323 968 1376 et
981 1333 1089 1378 eorum

136 1419 190 1462 rex
204 1410 314 1481 eaptus
328 1409 385 1461 est.

180 1483 243 1546 Sed
267 1483 380 1546 deinde
406 1483 479 1547 Saul
504 1482 606 1547 Deum
620 1481 754 1568 graviter
778 1479 928 1544 offendite
948 1492 1089 1548 vetuerat

135 1566 220 1630 Deus
244 1588 285 1629 ne
308 1568 438 1651 quidex
465 1567 571 1651 spoliis
592 1567 725 1630 hostium
757 1576 981 1648 reservaretur3
1013 1568 1088 1634 Saul

136 1652 218 1728 verd,
233 1652 416 1716 Amalecitis
430 1652 529 1729 eaesin,
544 1663 663 1736 partem
678 1651 793 1734 praedae
810 1651 950 1714 servavit.

178 1735 285 1805 Quam
306 1738 347 1801 ob
370 1757 494 1801 causam
513 1739 646 1822 rejectus
661 1746 708 1798 est
722 1757 741 1798 a
754 1735 833 1809 Deo,
847 1745 880 1798 et
901 1735 932 1799 in
954 1735 1021 1821 ejus
1042 1737 1088 1800 lo·

136 1839 208 1883 eum
232 1820 342 1897 David,
357 1821 458 1884 adhuc
477 1821 608 1906 juvenis,
629 1841 648 1884 e
670 1819 751 1883 tribu
772 1819 873 1898 Judae,
889 1819 1008 1884 electus
1030 1832 1088 1902 est,

136 1916 169 1970 et
184 1927 203 1968 a
218 1905 363 1969 Samuele
378 1916 499 1969 unctus.

577 2037 648 2094 110.

180 2136 329 2200 Secutum
350 2150 398 2202 est
428 2135 546 2200 bellum
575 2157 647 2198 eum
678 2132 867 2198 Philistaeis:
897 2155 992 2216 quum
1014 2135 1086 2200 duae

136 2219 220 2284 acies
235 2221 265 2282 in
281 2231 452 2303 conspectu
474 2230 587 2298 essent,
611 2219 784 2283 Philistaeus
807 2217 941 2300 quidam,
960 2219 1087 2284 nomine

136 2305 309 2383 Goliatlrus,
322 2307 367 2370 vir
390 2305 476 2368 mirae
501 2303 730 2388 magnitudinis,
745 2323 923 2386 progressus
944 2313 992 2366 est
1014 2316 1086 2368 ante

135 2388 267 2466 ordines,
295 2400 328 2452 et
359 2411 453 2452 unum
484 2411 522 2454 ex
552 2389 695 2453 Hebraeis
726 2408 811 2472 saepe
834 2388 1024 2470 provocabat
1045 2390 1087 2453 ud
1178 2415 1179 2470 3

88 2539 92 2550 ,
135 2475 474 2562 singulareeertamen.

176 2563 290 2626 Loricd
317 2559 476 2644 squamati
507 2558 710 2622 induebatur:
745 2577 853 2621 ocreas
882 2557 914 2620 in
945 2555 1086 2620 cruribus

134 2667 232 2710 aereas
253 2646 410 2727 habebat3
441 2643 537 2709 cassis
559 2664 641 2707 aerea
655 2654 750 2726 caput
771 2641 837 2727 ejus
858 2641 1030 2726 operiebat,
1052 2652 1086 2706 et

134 2729 263 2814 clypeus
278 2753 376 2794 tereus
390 2731 520 2815 tegebat
534 2729 686 2791 humeros.

177 2815 259 2878 'l'um
283 2815 358 2880 Saiil
371 2835 485 2900 magna
507 2814 643 2897 praemia,
665 2813 728 2876 imo
748 2821 780 2877 et
802 2810 874 2874 filiae
896 2811 1031 2896 nuptias,
1054 2811 1085 2876 ei

134 2898 272 2984 promisit
286 2900 338 2982 qui
353 2899 547 2982 provocantis
562 2898 661 2982 spolia
675 2896 839 2963 retulisset.

176 2983 220 3048 At
241 2989 334 3046 nemo
348 2996 455 3048 contra
478 2983 564 3046 illum
586 2983 667 3046 exire
690 2981 842 3060 audebat3
864 2989 897 3043 et
919 2977 1084 3044 Goliathuu

134 3089 220 3213 ppam
242 3067 386 3134 Hebraeis
407 3067 561 3153 ignaviam
575 3087 647 3130 enm
671 3066 759 3130 irrisu
773 3085 811 3128 ae
826 3064 959 3129 ludibrio
975 3085 1081 3146 expro-

157 3152 255 3216 rabat.

583 3260 652 3317 111.

177 3376 286 3454 David,
313 3388 486 3454 commotus
508 3377 676 3459 ignominiis
697 3375 804 3460 populi
837 3373 894 3451 sui,
916 3393 949 3438 se
971 3379 1086 3456 sponte

136 3460 176 3524 ad
189 3461 388 3545 pugnandum
402 3460 524 3525 obtulit.
