2386 3822
556 191 602 262 88

110 373 251 452 discere3
272 371 355 444 Quae
367 369 437 448 illis,
451 370 561 453 inquit,
574 369 627 434 ubi
643 369 683 433 ad
699 370 817 436 virilem
838 378 965 436 aetatem
987 389 1059 454 per·

110 459 258 534 venerint,
273 456 341 520 usui
356 466 427 518 sunt
440 454 553 521 sutura.

152 541 316 618 Hercules,
330 542 401 604 edm
426 540 556 622 primum
579 539 775 622 pubesceret,
796 539 871 604 exiit
895 538 928 602 in
948 539 1058 602 solitu·

109 623 224 702 dinem,
238 638 331 708 atque
351 625 394 688 ibi
415 623 525 688 sedens
548 623 602 686 diu
627 644 733 686 secum
754 623 944 704 multiunque
964 622 1058 686 dubi·

110 710 195 787 tavit,
210 711 281 774 ciun
294 710 371 773 duas
385 719 526 774 cerneret
538 707 613 785 vias,
627 729 721 770 unam
734 707 910 791 voluptatis,
926 707 1056 771 alteram

92 829 94 836 ·
109 795 238 872 virtutis,
252 804 351 856 utram
365 791 484 877 ingredi
498 791 608 855 melius
622 802 713 856 esset.

153 919 242 985 Utin
267 919 391 983 senibus
416 915 574 994 sobrietas,
597 927 629 980 et
652 937 770 980 morum
792 917 942 1002 perfectio
956 917 1058 1004 requi-

107 1005 205 1086 ritur3
227 1005 270 1070 ita
283 1004 314 1067 in
339 1001 590 1067 adolescentibus
614 1002 759 1066 honestus
783 1003 883 1085 pudor
904 1013 937 1066 et
949 1002 1058 1066 obedi-

110 1090 204 1154 entia.
298 1093 318 1111 “’

153 1173 262 1238 Honor
275 1172 508 1237 adolescentum
521 1182 569 1234 est
587 1169 666 1248 Deo,
681 1171 870 1254 parentibus,
884 1183 917 1235 et
931 1170 1058 1235 saniori·

109 1259 168 1324 bus
189 1258 337 1322 honorem
358 1256 498 1335 deferre3
519 1257 705 1333 castitatem,
730 1255 937 1334 clementiam,
951 1267 985 1320 et
1005 1275 1058 1320 ve·

110 1343 289 1407 recundiam
304 1343 418 1406 colere.
663 1337 671 1358 ¹
1040 1384 1044 1391 .

152 1428 246 1511 Aprrd
268 1423 523 1491 Lacedaemonios
544 1424 648 1490 scelus
670 1433 738 1488 crat
758 1423 904 1510 juvenem
924 1445 989 1489 non
1010 1445 1058 1488 as·

108 1534 274 1577 surrexisse
289 1533 365 1576 sem.

152 1597 413 1661 Adulescentibus
426 1595 509 1660 bont
527 1594 632 1661 indole
647 1593 784 1679 preditis
799 1594 954 1678 sapientes
968 1613 1057 1658 senes

108 1682 312 1748 delectantur.

151 1765 277 1830 Juvenis
291 1751 430 1828 laboreiis
446 1782 593 1828 recusans
614 1763 647 1828 in
669 1775 831 1830 senectute
845 1763 938 1828 miser
949 1773 1058 1842 etca-

109 1850 267 1915 lamitcsus
280 1849 349 1913 erit.

476 1949 691 2018 SAPIENTIA.

151 2039 208 2105 Est
232 2038 385 2126 sapientia
409 2038 508 2122 prima
538 2039 667 2102 stultitia
694 2039 839 2103 caruisse.
896 2037 1058 2122 Sapientia

108 2147 157 2190 ars
170 2127 291 2190 vivendi
306 2136 362 2202 est,
378 2145 448 2207 quae
463 2144 520 2186 nos
534 2143 554 2186 a
568 2123 731 2188 libidinum
752 2125 880 2208 impetu,
900 2133 932 2188 et
944 2123 1058 2187 'fonni-

107 2211 215 2279 dinum
229 2222 341 2276 terrore
356 2207 503 2272 vindicat.
934 2265 947 2282 ,

151 2295 223 2360 Hoc
244 2297 333 2373 scito,
355 2293 510 2358 neminem
534 2313 625 2376 posse
648 2292 730 2359 bene
752 2293 864 2371 vivere,
887 2293 954 2358 sine
976 2293 1059 2376 sapi·
1081 2301 1087 2310 “

108 2379 200 2444 entiae
216 2380 328 2443 studio.

152 2465 283 2548 Sapiens
296 2463 372 2527 nihil
387 2463 517 2530 sonunae
533 2461 642 2542 credit,
657 2473 821 2528 contentus
843 2461 964 2541 naute,
985 2483 1056 2546 quae

108 2548 219 2632 opibus
233 2570 295 2614 non
309 2549 438 2632 indiget.
1112 2549 1118 2558 “

150 2633 320 2698 Maximum
344 2632 492 2698 indicium
517 2632 677 2718 sapientire
702 2644 760 2711 est,
784 2643 818 2697 ut
839 2633 941 2698 verbis
962 2653 1058 2715 opera

107 2719 308 2782 concordent.

151 2802 307 2885 Sapientis
320 2823 408 2866 mens
421 2823 484 2866 non
499 2801 695 2867 incurvaturz
716 2814 777 2868 stat
791 2813 894 2868 rectus
908 2803 966 2866 sub
980 2823 1058 2884 quo-

108 2887 186 2952 libet
196 2887 342 2972 pondere.
1018 2925 1041 2960 s

150 2974 185 3037 N
186 2994 227 3036 on
241 2970 338 3034 solium
361 2975 432 3034 cium
448 2992 539 3034 vacas
554 2973 706 3054 sapientia
720 2973 855 3039 colenda
868 2982 937 3052 est3
951 2971 1059 3036 omnia

108 3055 170 3121 alia
183 3068 254 3121 sunt
268 3054 457 3139 negligenda
471 3066 505 3118 ut
519 3057 548 3119 ei
563 3057 760 3122 assideamus.

149 3142 252 3206 Mater
265 3141 400 3204 omnium
415 3141 566 3204 bonarum
581 3161 682 3206 rerum
695 3153 744 3206 est
757 3141 919 3224 sapientia,
934 3139 995 3223 qui
1010 3139 1058 3202 ni·

107 3223 152 3288 hil
166 3245 185 3286 a
201 3225 260 3288 diis
273 3223 496 3288 immortalibus
511 3227 707 3306 praestantius
720 3226 838 3292 homini
854 3228 961 3290 datum
975 3236 1034 3288 est.

427 3331 698 3390 CONSCIENTIA.

148 3419 346 3484 Conscientia
360 3421 440 3484 bene
455 3432 537 3484 actae
552 3422 622 3486 vitae
634 3423 857 3508 jucundissima
869 3434 927 3490 est.

150 3503 238 3568 Bona
256 3505 449 3568 conscientia
473 3505 595 3588 prodire
610 3509 674 3572 vult
687 3519 720 3572 et
734 3509 896 3592 conspici:
916 3508 1054 3590 nequitit
