2386 3822
542 179 592 254 28

142 361 276 432 Quietus
304 379 344 426 ex
373 361 413 426 el
441 357 557 426 victims
576 379 650 426 eum
669 361 768 426 multe
797 359 913 440 lubere,
940 361 1043 428 denec

100 445 195 510 ebeus
208 445 240 510 in
254 457 366 510 terrem
378 467 397 509 e
411 445 472 529 quil
484 457 569 510 ortus
583 467 627 510 es.

143 529 226 594 Tum
239 530 334 614 ejecit
346 530 500 593 Ademum
512 539 546 594 et
565 531 665 596 Evam
678 551 717 594 ex
730 528 819 594 horto
831 539 868 592 ut
880 527 933 593 ille
956 527 1042 594 eole-

100 627 147 676 ret
160 624 281 691 terrem,
294 625 327 678 et
340 613 506 678 collocavit
520 613 675 698 angelum,
683 613 738 696 ¹qui
750 612 935 702 gmierebet
947 631 1041 678 menu

99 696 237 782 gladium
250 697 374 782 igneum
388 705 424 762 ut
437 698 607 762 custodiret
620 697 738 761 editum
752 695 893 780 pemdisi.

558 871 589 929 8.

141 975 279 1042 Ademus
292 975 400 1042 hebuit
420 978 533 1043 multos
556 977 680 1056 liberos,
693 978 773 1042 inter
786 999 863 1061 quos
882 979 996 1043 Ceinus
1009 989 1042 1043 et

99 1061 179 1125 Abel
195 1071 412 1124 nmnerantur:
433 1062 484 1126 bic
500 1063 557 1126 fuit
570 1071 694 1146 pestor;
715 1062 768 1126 ille
783 1062 930 1145 agricole.

108 1155 113 1164 '
141 1145 278 1226 Uterque
310 1145 423 1211 obtulit
456 1147 539 1212 done
576 1147 733 1212 Domine:
767 1148 883 1212 Cuinus
916 1145 1043 1229 quidem

99 1227 215 1292 fluctus
230 1240 340 1308 terrae3
360 1230 442 1295 Abel
456 1243 561 1294 eutem
572 1252 645 1294 oves
659 1230 810 1315 egregius.

141 1311 233 1376 Dona
260 1313 368 1378 Abelis
405 1313 588 1396 placuerunt
621 1315 700 1393 Deo,
726 1335 791 1380 non
821 1324 926 1378 eutem
958 1314 1043 1378 done
1182 1341 1183 1426 ξ

99 1395 209 1475 Caini3
230 1397 313 1479 quod
327 1397 442 1462 Ceinus
456 1400 538 1484 aegrb
554 1399 633 1464 tulit.

141 1479 290 1544 Dominus
310 1481 387 1545 dixit
407 1481 530 1546 Caino:
550 1503 606 1548 eur
627 1481 744 1547 invides
774 1481 882 1546 fratri?
910 1481 935 1544 si
957 1483 1042 1546 recti

98 1563 350 1714 ffi'beddliies
362 1567 563 1648 mercedem
583 1567 630 1634 sin
652 1578 756 1632 eutem
775 1567 867 1656 mele,
891 1564 958 1630 lues
977 1585 1044 1650 pm-

551 1789 581 1850 9.

139 1908 255 1973 Ceinus
268 1927 330 1973 non
344 1906 446 1992 paruit
468 1906 538 1972 Deo
560 1918 697 1972 monenti
714 1931 723 1971 ι
742 1905 936 1972 dissimulans
956 1906 1043 1986 irem,

96 1991 175 2056 dixit
189 1991 271 2057 fratri
286 2011 361 2056 suo:
382 2013 451 2076 ege,
466 2013 571 2056 eemus
584 1990 823 2056 deambulatum.

140 2077 250 2225 ltegue
264 2077 327 2140 und
339 2078 431 2140 embo
455 2077 598 2141 abierunt
619 2075 707 2155 sores,
722 2087 755 2141 et
775 2096 869 2158 quum
887 2075 991 2139 essent
1009 2073 1043 2140 in

98 2181 176 2245 egro
216 2163 302 2224 ainus
316 2161 403 2224 irruit
415 2161 447 2224 in
462 2161 603 2237 Abelem‚
618 2170 650 2224 et
663 2159 819 2224 interfecit
832 2158 929 2222 illum.

549 2489 598 2548 10.

141 2600 227 2664 Deus
252 2599 329 2664 dixit
355 2599 474 2666 Caino:
510 2599 617 2677 Cuine,
643 2599 718 2682 quid
748 2599 877 2664 iecisti?
908 2597 1043 2682 Sanguis

98 2683 198 2750 fratris
212 2683 267 2760 tui,
281 2703 374 2766 quem
387 2685 452 2768 ipse
467 2682 571 2747 didisti
584 2705 678 2748 manu
692 2685 753 2762 tub,
767 2685 882 2748 elamet
895 2684 935 2748 ed
949 2701 1010 2746 me.

140 2768 257 2832 Infesta
269 2768 326 2832 tibi
341 2769 399 2831 erit
412 2778 502 2844 terre,
517 2788 586 2850 quse
607 2767 688 2832 bibit
709 2769 891 2852 sanguinem
912 2766 1043 2831 Abelis:

98 2871 192 2934 quum
206 2851 337 2916 colueris
351 2873 420 2916 eam
434 2852 528 2936 longo
552 2861 585 2916 et
607 2852 684 2915 duro
706 2851 822 2931 lebete,
842 2852 944 2916 nullos
964 2850 1044 2915 leret

98 2937 235 3000 fruetus:
256 2936 316 2999 eris
329 2957 425 3020 vagus
439 2935 471 2998 in
485 2935 560 2998 orbe
574 2944 732 2999 terrerum.

139 3021 265 3097 Ceinus,
278 3020 444 3104 desperans
457 3019 587 3096 venium,
601 3019 690 3104 sugit.

542 3194 591 3252 11.

140 3307 306 3390 Postquam
326 3325 469 3370 numerus
489 3307 647 3370 hominum
667 3306 772 3384 erevit,
785 3307 888 3372 omnis
899 3305 974 3371 vitis
994 3305 1041 3370 in-

98 3391 233 3456 valuere.
285 3390 392 3460 Quare
414 3389 549 3457 offensus
570 3391 656 3457 Deus
681 3391 786 3458 stutuit
806 3391 934 3478 perdere
955 3390 1042 3458 bom·

99 3476 184 3542 ‘uum
196 3493 296 3561 genus
309 3473 435 3540 diluvio.

141 2247 226 2311 Deus
240 2245 317 2310 dixit
335 2245 458 2308 Caino:
479 2245 532 2308 ubi
554 2255 601 2308 est
622 2252 691 2308 tuus
709 2243 824 2307 freter?
845 2243 961 2308 Cuinus
980 2261 1044 2308 ree-

97 2330 228 2414 pendit:
248 2329 376 2408 nesei03
396 2347 472 2393 nmn
484 2348 546 2412 ego
559 2347 626 2392 sum
640 2338 744 2393 custus
759 2327 859 2392 fratris
871 2327 958 2392 mei?
1182 2333 1183 2340 ’
