2386 3822
589 119 637 190 56

1073 231 1085 260 Ι

188 297 247 364 Die
261 301 403 384 quadam,
423 319 518 384 quum
539 299 699 395 publicum
720 298 892 364 canusium
917 297 1109 364 celebrare-

146 393 205 459 tur,
221 383 400 448 Samsonem
415 383 527 448 adduci
538 385 659 467 jubent.
942 435 945 443 .

188 467 315 546 Domus,
330 469 361 532 in
375 469 435 550 qul
449 467 548 532 omnis
562 467 694 550 populus
718 477 750 530 et
771 466 926 549 principes
939 466 1105 532 Philistus-

146 573 233 616 orum
247 553 461 636 epulabantur,
475 551 606 616 subnixa
619 563 685 616 erat
698 552 819 615 duabus
832 551 984 616 columnis
1005 551 1102 616 mirae

146 638 376 784 mapnitudiuis.

217 723 351 786 dductus
365 723 496 784 Samson
510 719 589 784 inter
603 719 761 783 columnas
776 718 928 784 statuitur.

187 807 268 870 Tum
297 806 360 882 ille,
382 805 545 868 occasione
567 816 666 880 utens,
690 800 855 866 columnas.
870 803 1038 880 concussit,
1064 816 1103 868 et

146 892 236 955 turba
250 891 347 952 omnis
362 890 472 952 obruta
486 898 533 952 est
547 887 635 952 ruini
654 887 772 963 domtis,
786 886 937 969 simulque
958 887 1098 975 Sarnsop

146 974 211 1058 ipse
226 995 297 1036 cum
313 972 450 1036 hostibus
463 993 527 1036 non
541 971 655 1036 inultus
669 971 828 1034 occubuit.

584 1081 654 1140 103.
698 1088 702 1098 ”

188 1176 297 1246 Quum
317 1175 391 1240 Heli
411 1187 493 1240 esset
513 1197 647 1240 summus
661 1175 814 1254 sacerdos,
828 1185 918 1238 natus
935 1186 983 1238 est
1001 1177 1099 1239 Sam·

144 1261 217 1324 uelr
247 1261 329 1324 hunc
362 1262 489 1324 adduxit
513 1273 610 1324 mater
631 1261 671 1322 ad
691 1261 895 1336 sacerdotem,
917 1271 950 1324 et
976 1261 1097 1324 obtulit

144 1346 278 1410 Domino
292 1357 327 1408 ut
339 1345 369 1408 ei
383 1346 415 1408 in
426 1344 584 1408 sacrificiis
598 1342 748 1407 faciendis
760 1344 954 1409 ministraret.

187 1431 267 1494 Puer
287 1431 461 1506 crescebat,
488 1429 616 1512 egregia
643 1430 789 1510 praeditus
821 1428 935 1505 indole,
961 1439 1094 1510 eratque

144 1515 213 1580 Deo
227 1527 258 1580 et
272 1515 447 1580 hominibus
461 1535 570 1578 carus:
589 1514 640 1576 cui
654 1527 752 1577 mater
765 1533 821 1576 sua
835 1513 927 1576 certis
945 1514 1094 1594 tempori·

144 1600 202 1662 bus
217 1601 366 1666 afferebat
381 1620 503 1680 parvam
517 1599 664 1674 tunicam,
679 1619 771 1678 quam
786 1598 854 1680 ipsa
867 1595 1056 1660 confecerat.

185 1683 259 1746 Heli
280 1705 353 1747 vero
376 1683 513 1746 habebat
534 1681 615 1744 filios
639 1683 765 1763 perditis
789 1681 935 1756 moribus,
955 1681 1034 1743 adab
1054 1693 1092 1745 ut

142 1767 292 1850 populum
306 1787 325 1830 a
338 1767 472 1830 colendo
490 1766 559 1830 Deo
580 1767 780 1844 abducerent,
793 1787 853 1829 nec
868 1767 943 1828 satis
955 1765 1093 1848 graviter

144 1871 197 1913 ecs
212 1871 346 1932 unquam
360 1850 567 1932 reprehendit.

185 1933 399 2004 Quamobrem
413 1935 499 1998 Deus
513 1945 580 1998 erat
591 1944 625 2000 ct
638 1933 744 1998 liberis
757 1944 790 1998 et
803 1933 882 2018 patri
896 1933 1001 1997 iratus.

585 2045 654 2102 104.

185 2139 331 2210 Quidam
345 2153 448 2218 nocte,
463 2163 557 2222 quum
568 2137 687 2224 jaceret
701 2140 775 2204 Heli
797 2140 828 2204 in
851 2139 979 2218 lectulo,
993 2141 1089 2204 Dom-

142 2227 217 2288 inus
232 2225 353 2288 vocavit
375 2225 560 2300 Samuelem,
583 2226 646 2306 qui,
671 2239 754 2289 ratus
778 2247 810 2287 se
825 2247 844 2288 a
858 2225 1019 2288 sacerdote
1041 2247 1088 2288 ar·
1167 2231 1168 2274 l

141 2309 231 2386 cessi,
246 2309 392 2385 cucurrit,
406 2310 564 2391 dixitque:
585 2331 624 2374 cn
647 2312 773 2389 adsum3
794 2310 910 2372 vocasti
929 2310 1012 2372 enim
1025 2331 1085 2372 me.

184 2395 226 2458 At
240 2391 335 2456 Heli:
356 2413 418 2454 non
433 2395 595 2469 revocavi,
610 2393 719 2475 inquit,
734 2395 778 2458 fili
799 2395 862 2475 mi3
882 2403 1033 2457 revertere
1054 2396 1086 2457 iu

141 2477 291 2540 lectulum
307 2488 404 2538 tuum.
447 2477 545 2557 quue
561 2477 670 2540 iterum
685 2489 717 2540 ct
731 2477 820 2542 tertid
835 2478 952 2542 factum
966 2488 1022 2541 est.

183 2561 326 2625 Tandem
347 2561 545 2642 praemonitus
570 2583 590 2624 a
614 2563 774 2626 sacerdote
790 2561 916 2626 Samuel
931 2563 1085 2644 respondit

141 2645 210 2710 Deo
237 2646 381 2710 vocanti:
417 2645 554 2728 loquere,
581 2647 716 2724 domine,
751 2647 838 2710 audit
872 2648 956 2710 enim
983 2668 1085 2709 servus

141 2741 223 2796 tuus.

183 2815 265 2878 Trun
278 2813 364 2878 Deus
385 2814 523 2880 Samueli
536 2836 545 2878 t
566 2835 636 2900 ego,
651 2815 705 2894 ait,
726 2815 860 2880 afficiam
873 2815 999 2880 domum
1012 2813 1083 2880 Heli

140 2900 177 2964 iis
198 2897 298 2974 malis,
313 2918 382 2979 quae
397 2921 489 2964 nemo
504 2899 609 2963 audire
625 2901 730 2982 possit,
751 2899 869 2982 quinci
884 2899 984 2963 ambae
999 2921 1083 2962 aures

140 2984 284 3060 tinniant,
313 2995 474 3064 propterea
498 2984 580 3066 qubd
613 2985 645 3048 in
666 2983 779 3048 liberos
808 3005 879 3046 suos
901 2981 969 3072 pllrs
997 3005 1084 3064 aequo

140 3067 304 3214 inrllulgcns
334 3066 434 3144 suerit,
462 3067 646 3151 illorumque
678 3069 752 3132 vitia
782 3067 909 3132 nimium
937 3066 1084 3151 patienter
1167 3071 1168 3136 l

140 3154 253 3216 tuerit.

578 3243 650 3300 105.

184 3331 306 3398 Arctior
334 3335 447 3400 deinde
475 3355 600 3400 somnus
632 3335 810 3403 Samuelem
829 3335 1010 3420 complexus
1029 3345 1083 3414 est,

143 3417 195 3498 qui
209 3417 349 3482 dormivit
364 3440 461 3502 usque
475 3421 577 3505 mane,
