2380 3832
487 241 489 249 ·
564 205 633 276 106

164 383 249 447 Deus
272 396 320 448 est
342 403 430 449 mens
452 383 650 464 immortalis3
682 383 804 467 spiritus
825 395 941 448 cuneta
962 401 1073 468 perva-

123 468 223 550 deus3
243 469 373 554 pervigil
388 470 517 549 oculus3
537 491 645 532 manus
660 470 862 554 omnipotens.

164 654 201 719 In
215 657 330 741 pietate
345 659 503 742 praecipua
517 677 585 741 pars
601 656 756 721 felicitatis
771 657 829 722 sita
843 668 899 724 est.

165 740 283 806 Primus
307 756 354 807 est
376 743 434 806 Dei
459 743 571 818 cultuS,
585 741 685 805 Deum
710 741 846 806 eredere.
891 741 1023 804 Munera
1038 751 1073 804 et

123 825 255 888 victimae
280 827 354 890 nihil
374 825 497 890 honoris
522 825 590 889 Deo
613 825 795 906 conferunt3
816 826 913 890 honor
935 847 1071 888 summus

122 908 193 972 Deo
206 921 263 991 est,
278 911 355 976 scire
370 931 442 974 eum
455 921 487 976 et
501 909 623 973 imitari.

166 995 291 1078 Optime
307 995 407 1059 Deum
426 996 566 1071 honorat,
581 995 633 1077 qui
656 1004 792 1058 mentem
813 1016 908 1071 suam,
923 994 1072 1076 quantiam

124 1078 190 1141 fieri
205 1090 315 1161 potest,
330 1079 459 1144 similem
474 1079 543 1143 Deo
557 1077 641 1141 facit.

165 1163 237 1226 Non
252 1164 389 1247 linguam
413 1165 468 1228 sed
489 1184 583 1246 opera
608 1162 692 1226 Deus
715 1165 870 1248 praecipue
894 1174 981 1227 curat
993 1185 1002 1241 ;
1023 1183 1072 1226 sa·

123 1248 222 1332 piens,
236 1247 330 1311 etiam
345 1251 415 1311 crim
429 1259 522 1324 tacet,
538 1247 639 1310 Deum
653 1247 791 1311 honorat.

165 1333 319 1408 Socrates,
334 1333 475 1396 humanae
500 1333 659 1414 sapientia
685 1333 771 1414 quasi
792 1333 948 1415 quoddam
962 1342 1072 1395 terres-

123 1426 169 1481 tre
184 1415 342 1480 oraculum
355 1440 363 1495 ;
1064 1444 1068 1454 ¹

164 1500 255 1564 Mtit
279 1501 356 1565 ultrri
375 1501 562 1587 petenduma
584 1501 639 1564 dits
663 1501 876 1578 immortulibm,
901 1500 1071 1564 arbitraba·

123 1599 181 1663 tur,
196 1586 280 1670 purim
294 1596 325 1647 nt
339 1585 413 1650 bona
428 1587 598 1650 tribuerent:
620 1586 690 1670 qnia
710 1587 734 1648 ii
756 1587 865 1648 demum
878 1585 981 1648 scirent
994 1585 1072 1669 qnod

122 1670 275 1756 unicuique
298 1681 365 1734 erret
388 1671 455 1734 utile
466 1695 478 1747 ,·
504 1694 555 1734 nos
577 1682 668 1732 autem
710 1670 853 1756 leramque
873 1670 906 1732 td
929 1668 1003 1732 votis
1022 1691 1072 1732 ee·

117 1767 224 1842 petere,
239 1755 317 1841 qnod
330 1777 388 1818 non
401 1755 551 1840 impetrare
566 1693 758 1840 malvaslet.

480 1867 714 1925 PAUPERTAS.

166 1941 232 2012 Qui
254 1961 324 2006 cum
349 1943 528 2024 paupertate
551 1941 631 2004 bene
653 1940 799 2004 convenit
819 1939 904 2004 dives
918 1949 986 2002 est:
1007 1957 1070 2002 non

124 2027 176 2108 qui
191 2047 298 2110 pamm
312 2025 415 2103 habet,
430 2025 485 2087 sed
499 2025 550 2106 qui
567 2023 633 2107 plirs
647 2025 743 2107 eupit,
758 2045 875 2107 pauper
888 2034 945 2087 est.

166 2112 334 2194 Paupertas
348 2111 445 2192 primi
458 2110 557 2173 fronte
581 2109 680 2192 rigida
693 2119 741 2172 est
762 2129 799 2172 ac
824 2108 982 2185 subtristis,
998 2109 1070 2171 erim

122 2195 247 2260 domum
262 2207 397 2260 nostram
411 2194 547 2273 invadit3
569 2205 602 2256 at
622 2195 692 2256 crim
716 2193 748 2256 in
762 2193 998 2256 familiaritatem
1015 2193 1070 2253 adi

123 2280 216 2344 missa
230 2281 330 2378 lirerit,
344 2291 376 2346 et
389 2279 512 2343 minime
527 2288 715 2360 sumptuosa,
729 2289 762 2342 et
782 2298 900 2356 secura,
914 2289 946 2340 et
970 2275 1069 2340 facilis

123 2363 397 2525 holllillllerlhittit,
421 2447 473 2531 qui
495 2447 571 2512 nihil
593 2447 707 2526 habet3
729 2456 761 2512 et
783 2467 890 2530 pamm
911 2455 995 2530 eget,
1017 2443 1069 2527 qui

5 2517 6 2524 ἵ
72 2549 98 2566 “’
124 2553 233 2616 parum
246 2534 343 2616 cupit.

138 2701 145 2714 .
165 2618 247 2682 Ama
259 2618 356 2703 migis
367 2616 480 2703 justam
494 2627 716 2700 paupertatem,
730 2615 821 2698 quam
844 2615 971 2700 injustas
993 2613 1069 2676 divi·

124 2713 255 2850 tlasSeira
270 2787 315 2850 uti
330 2797 510 2870 paupertate
523 2806 638 2869 magna
650 2795 699 2848 est
713 2783 854 2849 felicitas.

165 2872 321 2948 Socrates,
335 2871 367 2934 in
381 2870 494 3018 porpph
507 2871 577 2934 erim
601 2889 715 2953 magna
736 2869 781 2932 vis
805 2870 870 2932 auri
885 2868 1069 2953 argentique

405 2978 433 3018 m
475 2976 494 3016 α

124 2957 270 3034 ferretum
297 2954 392 3040 Quam
506 2977 565 3018 non
578 2954 717 3031 desidero,
731 2953 841 3038 iuquit.

167 3096 202 3160 Si
216 3093 292 3158 nihil
307 3092 390 3158 aliud
415 3115 521 3157 secum
535 3093 658 3156 afferret
682 3105 856 3176 paupertas
870 3099 963 3177 quam
987 3095 1071 3176 quhd

5 3197 6 3200 ’
125 3181 267 3244 lictorum
281 3179 449 3242 amicorum
471 3188 504 3240 et
525 3177 683 3241 fallacium
707 3178 854 3262 gregibus
878 3179 1072 3243 adulantium

5 3277 6 3316 1
124 3275 156 3326 te
171 3263 290 3340 liberat,
303 3263 435 3325 abunde
458 3272 541 3325 esset
562 3283 666 3340 causa,
687 3273 722 3324 ut
745 3283 807 3324 non
828 3263 920 3327 madh
942 3263 1072 3327 ferenda

124 3358 215 3421 esset,
230 3347 284 3409 sed
298 3348 443 3442 optanda,
456 3345 519 3441 imo
533 3345 626 3410 etiam
640 3348 830 3409 accersenda
843 3349 1016 3432 pauperies.

167 3429 211 3494 Ut
224 3429 388 3492 honorrbus
402 3430 559 3494 hommum
582 3451 682 3494 mores
703 3449 766 3492 non
790 3431 857 3496 τετὸ
870 3450 1073 3517 comunpun-

126 3524 195 3592 tur;
216 3511 260 3578 ita
274 3524 454 3596 paupertate
469 3533 553 3596 saepe
567 3515 777 3582 emendantur.
