2386 3822
566 1233 594 1288 1.

157 1325 245 1388 Dans
260 1327 376 1390 creavit
389 1326 503 1390 coelum
517 1337 550 1389 et
563 1336 673 1390 terram
687 1326 768 1388 intra
780 1345 833 1388 aer
847 1323 923 1388 dies.
969 1341 975 1356 ·

158 1409 260 1473 Primo
280 1410 331 1474 die
352 1411 427 1474 fecit
449 1411 561 1474 lucem.
619 1409 766 1474 Secundo
785 1409 837 1472 die
859 1408 935 1472 fecit
955 1405 1059 1474 firma·

103 1506 261 1574 mentum,
276 1496 359 1576 quod
373 1495 494 1558 vocavit
506 1495 633 1557 ooelum.

157 1578 264 1641 Tertio
286 1579 336 1642 die
358 1579 463 1663 codgit
476 1599 571 1659 aquas
593 1579 625 1641 in
646 1597 741 1640 unum
763 1575 876 1654 locum,
897 1586 931 1641 et
949 1575 1059 1640 eduxit

115 1683 133 1724 e
148 1663 227 1725 terri
243 1661 361 1744 plantas
375 1674 408 1726 et
421 1663 555 1726 arborea.

157 1745 278 1814 Quarto
293 1747 343 1808 die
359 1745 432 1810 fecit
444 1745 541 1808 solem
555 1756 586 1809 et
598 1744 701 1807 lunam
717 1753 749 1806 at
763 1739 878 1806 stelias.

156 1831 276 1898 Quinto
297 1830 348 1892 dia
373 1851 444 1894 aves
465 1849 534 1912 quae
549 1829 676 1892 volitant
690 1827 722 1891 in
736 1831 817 1904 aire,
831 1839 863 1891 et
877 1826 979 1910 pisces
1001 1848 1057 1910 qur

114 1925 221 1978 natant
236 1914 266 1975 in
281 1913 377 1994 aquis.

157 2001 251 2061 Sexto
265 1999 315 2060 die
332 1996 405 2059 fecit
419 1996 522 2060 omnia
535 1995 711 2074 animantia,
722 1995 874 2080 postremd
888 1994 1056 2073 hominem,

113 2091 146 2146 et
160 2083 275 2164 quievit
289 2082 339 2144 die
354 2081 495 2164 septimo.

565 2205 598 2264 2.

154 2304 240 2366 Deus
254 2304 340 2366 finxit
359 2323 470 2386 corpus
491 2301 622 2366 hominis
642 2322 661 2364 a
683 2299 756 2364 limo
777 2310 878 2377 terre,
897 2299 984 2364 dedit
1007 2299 1054 2364 iiii

113 2389 245 2451 animam
266 2389 427 2464 viventem,
441 2386 516 2450 fecit
537 2387 624 2449 iilum
645 2387 684 2449 ad
704 2384 935 2448 similitudinem
955 2405 1055 2462 suam,

113 2483 146 2535 et
159 2472 327 2535 nominavit
340 2470 426 2533 illum
441 2471 605 2534 Adamum.
742 2478 744 2482 '

154 2555 275 2618 Deinde
307 2554 432 2618 immisit
457 2574 598 2636 soporem
625 2553 657 2618 in
684 2553 848 2630 adamum,
869 2561 902 2618 et
921 2551 1056 2618 detraxit

114 2660 206 2704 unam
220 2659 238 2700 a
253 2639 346 2702 coetis
361 2637 426 2733 ejus
439 2637 628 2700 dormientis.

154 2721 199 2784 Ex
214 2723 252 2786 ed
265 2721 405 2786 fonnavrt
424 2721 583 2784 mulierem
604 2741 698 2804 quam
720 2717 808 2784 dedit
829 2719 947 2784 sociam
968 2719 1055 2786 Ada-

53 2873 59 2884 ,
108 2827 171 2882 mo,
187 2805 293 2888 sicque
307 2803 437 2868 instituit
450 2804 686 2868 matrimonium.

155 2891 278 2954 Nomen
292 2889 398 2974 primae
412 2887 547 2952 mulieris
561 2887 618 2951 fuit
631 2887 708 2952 Eva.

569 3009 601 3068 3.

152 3111 238 3177 Deus
258 3111 362 3196 posuit
384 3108 537 3173 Adamana
550 3117 583 3171 et
596 3107 693 3172 Evam
716 3107 749 3174 in
769 3106 860 3172 horto
884 3105 1055 3173 amoenissi-

109 3218 171 3272 mo,
185 3197 238 3279 qui
252 3195 331 3260 solet
344 3193 492 3278 appellari
506 3192 668 3256 Paradiaus
682 3193 839 3256 terrestria.

152 3281 267 3362 Ingens
288 3279 399 3342 fluvius
418 3277 568 3360 irrigabat
587 3275 728 3340 hortum:
759 3286 847 3342 erant
877 3275 921 3341 ibi
945 3296 1054 3342 omnes

111 3367 234 3428 arbores
252 3362 399 3446 jucundae
427 3371 570 3444 aspectu„
600 3369 633 3422 et
663 3357 781 3424 fructus
809 3369 904 3446 gustu
933 3379 1054 3426 auavea.

110 3450 194 3513 inter
208 3467 261 3510 eas
275 3445 365 3509 arbor
379 3443 516 3507 scientiae
531 3443 606 3507 boni
621 3453 654 3507 et
666 3443 751 3506 mali.
