2380 3832
554 115 623 186 104
828 139 845 168 v

158 293 262 376 Siquis
276 294 465 378 impietatem
480 297 616 378 quirnvis
630 297 753 360 occulte
769 295 886 373 fecerit,
906 291 1062 378 nunquam

116 388 220 442 tamen
234 380 370 444 confidat
384 402 454 443 earn
469 381 533 444 fore
549 401 669 462 semper
683 381 849 444 occultam.
903 381 1060 464 Improbe

116 483 182 524 rum
207 463 291 528 facta
312 465 409 547 primo
428 466 563 546 suspicio
578 465 756 546 insequitur,
770 465 883 528 deinde
897 485 997 528 senno
1019 477 1064 528 at·

116 565 176 628 que
192 547 282 626 fama,
300 560 365 611 turn
385 549 552 626 accusatio,
567 561 633 613 turn
653 549 767 634 judex:
786 549 875 613 multi
897 550 992 613 etiam
1006 549 1063 634 ipsi

85 665 91 672 -
116 649 149 692 se
165 631 387 696 iudicaverunt.

159 715 256 779 Nulla
270 727 372 800 potest
386 739 453 782 csse
468 719 501 781 in
515 717 634 782 scelere
649 717 801 801 voluptas.

158 799 279 948 Desigit
300 823 367 866 esse
390 803 526 868 remedio
559 803 656 880 locus,
678 803 731 866 ubi
754 807 823 885 quaa
846 802 969 867 fuennrt
992 803 1063 866 vitia

116 905 217 948 mores
254 896 319 949 unt.

500 1011 693 1066 MEMORIA,

159 1099 260 1164 Mater
288 1119 443 1164 musarum
474 1114 522 1166 est
541 1103 700 1180 memoria,
732 1112 765 1166 et
796 1103 913 1168 tautum
944 1100 1066 1177 scimus,

117 1187 264 1266 quantum
291 1187 438 1250 memorii
459 1198 609 1250 tenemus.
654 1186 806 1250 Memoria
826 1186 982 1261 minuitur,
1006 1185 1065 1247 nisi

117 1289 186 1332 earn
208 1291 352 1334 exerceas
364 1293 374 1351 ;
405 1272 526 1336 cunctis
554 1273 709 1335 memoriae
732 1271 905 1334 defectibus
926 1269 1067 1333 medetur

119 1353 277 1418 industria.

160 1439 282 1522 Siquid
297 1441 449 1504 audiveris
471 1443 599 1525 cognitu
623 1439 762 1524 dignum,
777 1441 809 1504 id
824 1461 886 1503 non
902 1439 997 1516 libris,
1012 1439 1068 1501 sed

117 1526 220 1588 animo
248 1525 430 1606 inscribito;
460 1525 518 1590 haio
539 1526 620 1588 enim
643 1526 861 1588 exercitatione
884 1525 1068 1586 coniinnata

116 1609 274 1686 memoria,
296 1611 445 1692 quicquid
466 1611 540 1688 vuit,
555 1622 650 1687 tenet,
675 1619 716 1690 et,
743 1609 826 1692 quod
847 1609 976 1691 quisque
998 1609 1067 1684 scit,

117 1692 213 1756 habet
227 1693 259 1756 in
274 1706 427 1777 promptu.

160 1776 333 1841 Mithridati
361 1779 427 1862 regi
455 1778 544 1842 Ponti
573 1789 658 1842 tanta
679 1777 771 1841 fuisse
793 1777 940 1840 memoria
963 1775 1068 1854 fertur,

118 1871 152 1922 ut
165 1861 285 1924 duabus
300 1873 332 1926 et
345 1862 452 1946 viginti
477 1864 664 1940 nationibus
679 1863 791 1946 quibus
816 1862 999 1946 imperabat,
1015 1862 1069 1923 sui

121 1944 234 2030 cuique
250 1945 356 2032 lingui
366 1946 417 2034 jus
431 1947 535 2012 dicere
550 1949 672 2012 soleret.

500 2089 692 2146 PUERITIA.

160 2179 206 2244 Ut
220 2179 259 2245 ad
274 2179 387 2260 literas,
400 2181 444 2244 ita
458 2181 497 2244 ad
519 2181 663 2244 virtutem
687 2180 818 2264 pueritia
843 2176 1069 2262 promptissima

120 2276 178 2329 esi.

161 2349 330 2414 Tenaciter
351 2349 470 2414 haerent
492 2350 545 2414 illa
570 2371 639 2432 quae
671 2349 798 2412 rudibus
820 2348 907 2412 annis
929 2346 1070 2430 percepi-

85 2453 206 2522 Jrnus:
227 2435 355 2520 proinde
378 2436 496 2517 optima
516 2455 647 2518 quaeque
672 2433 703 2495 in
728 2433 832 2516 primis
857 2433 959 2496 statim
982 2431 1071 2494 anuis
1176 2461 1177 2480 κ

120 2519 311 2584 addiscenda
326 2531 405 2583 sunt.

162 2605 259 2674 Quod
274 2606 306 2667 in
319 2603 451 2687 pueritiis
464 2603 638 2678 didicimus,
648 2602 772 2679 diutius,
784 2601 958 2683 firmiusque
973 2620 1071 2664 mem·

121 2688 214 2752 inisse
230 2689 372 2753 solemus.

163 2772 243 2836 Puer
264 2773 398 2854 quidam,
413 2774 465 2856 qui
493 2773 576 2857 apud
599 2771 761 2836 Platonem
780 2772 931 2835 educatus
957 2768 1072 2845 fuerat,
1176 2819 1177 2832 ,

121 2858 193 2921 inde
215 2856 254 2920 ad
276 2869 420 2939 parentes
444 2859 598 2935 reduetus,
623 2858 693 2921 oirrn
716 2856 836 2920 sublati
856 2873 934 2918 voce
957 2874 1073 2916 excan-

120 2944 300 3006 descentenr
332 2941 527 3024 conspiceret
551 2953 679 3025 patrem,
703 2940 815 3004 dixisse
834 2939 948 3006 fertur:
978 2937 1075 3001 Nou-

121 3049 207 3113 quom
220 3025 279 3090 hac
293 3027 373 3112 apud
386 3025 541 3090 Plutonem
555 3027 623 3092 viiii.

348 3175 568 3231 CONSILIUM.
618 3173 851 3230 PRUDENTIA.

165 3265 240 3330 Sine
254 3267 338 3331 bono
348 3265 479 3330 consilio
493 3265 568 3329 nihil
584 3265 680 3330 efficit
694 3267 795 3329 robur.
1176 3325 1177 3342 ,

165 3347 343 3430 Priusquam
378 3350 519 3432 incipias,
541 3351 692 3428 consulto,
721 3362 763 3428 et,
790 3349 844 3414 ubi
866 3347 1073 3426 consulueris,
1176 3343 1177 3356 ¹

123 3433 240 3496 maturi
255 3433 338 3498 facto
352 3455 430 3518 opus
444 3445 500 3497 est.
994 3469 998 3478 .
