2386 3822
581 153 631 230 43

176 339 242 412 Qui
263 335 507 420 responderunts
527 355 591 404 non
612 351 774 418 pennis
795 332 880 400 odire
966 329 1083 396 usum

134 423 262 572 {gypti
276 423 343 492 siue
357 421 559 506 Benjnmmo3
580 421 647 504 ipse
668 418 752 486 onim
770 418 862 503 jussit
882 416 888 428 '
915 437 968 480 um
988 415 1029 480 ed
1048 435 1083 482 se

134 529 153 572 a
197 530 258 572 uer.
385 551 389 560 ·

166 593 248 690 βψ,
263 590 475 722 ipquitpster,
486 589 675 660 motionem
686 587 803 659 focum
814 587 855 654 de
877 585 969 652 fratre
981 595 1082 652 restro

132 697 279 741 minimo.

175 762 258 844 Ipso,
273 761 425 843 modum,
438 777 494 828 nos
515 757 715 842 interrogarit
735 778 776 824 un
793 766 881 839 pam
903 755 1027 834 viseret,
1042 776 1082 818 an

134 846 232 916 alium
245 845 369 916 fratrem
381 843 576 912 hshsrsmm
716 926 723 938 ο
1060 923 1066 935 .

177 930 405 1013 Respondimus
426 929 467 992 ed
488 949 527 992 ea
548 949 618 1008 quae
634 925 957 992 sciscitationem
980 933 1084 1006 putui-¹

133 1036 204 1084 mus
223 1015 367 1097 prescius
388 1033 462 1080 euin
481 1012 638 1078 dicturum
658 1031 744 1076 osso:
766 1011 912 1098 qddueito
934 1009 995 1072 hun
1024 1007 1083 1072 sra-

134 1109 213 1168 trsm
226 1110 369 1168 voeuum·
584 1185 620 1244 61

159 1269 266 1336 ‚Tunc
281 1268 386 1347 Judss,
401 1289 481 1332 unus
504 1287 523 1330 e
546 1267 619 1330 filiis
640 1265 763 1343 lucebi,
781 1263 858 1328 dixit
879 1266 978 1347 putri:
998 1286 1084 1329 com-

133 1353 221 1420 mitte
235 1353 309 1420 mihi
324 1373 474 1435 puerum:
494 1373 562 1436 ego·
578 1352 664 1419 illurn
678 1351 798 1434 recipio
811 1350 845 1419 in
858 1350 951 1417 fidum
964 1369 1083 1417 meum:

134 1459 196 1521 ego
224 1437 363 1514 servabo,
390 1458 451 1520 ego
479 1439 625 1500 reducam
647 1435 733 1500 illum
755 1435 795 1498 ud
816 1446 847 1498 te
849 1458 873 1514 ᾗ
887 1435 946 1501 nisi
969 1434 1084 1511 focem,

134 1521 223 1606 hujus
238 1521 283 1586 rei
296 1521 391 1604 culpa
404 1522 437 1587 in
458 1542 507 1584 me
529 1521 698 1586 residebitz
717 1520 742 1582 si
762 1519 910 1584 voluisses
930 1541 1003 1584 erun
1024 1529 1084 1582 sto-

135 1605 191 1671 tim
204 1605 368 1686 dimittere,
380 1607 446 1690 jpm
459 1605 597 1679 seoundd
612 1604 673 1671 huc
688 1604 893 1672 rediissemus.

176 1691 320 1760 Tandem
332 1689 432 1757 vietus
453 1700 541 1774 pater
564 1689 695 1769 annuit3
713 1689 860 1770 quonism
882 1710 1011 1752 necesse
1026 1699 1083 1768 est,

135 1775 243 1858 inquit,
265 1775 479 1860 proficiscatur
492 1775 690 1859 Bonjaminus
703 1774 875 1850 vobiscum,
887 1773 1004 1839 deferte
1019 1774 1085 1838 viro

30 1876 35 1884 ·
135 1881 262 1932 munera
275 1871 309 1924 et
322 1859 452 1944 duplum
464 1860 608 1944 pretium
630 1879 670 1926 ne
695 1857 772 1922 forte
797 1877 899 1924 errore
914 1857 1032 1928 suctum
1045 1857 1085 1922 sit

136 1955 171 2006 ut
184 1945 271 2006 vobis
285 1945 463 2008 redderetur
477 1943 559 2028 prior
574 1944 717 2025 pecunia.

179 2111 372 2176 Nunciatum
390 2122 438 2174 est
460 2109 598 2194 Iosepho
611 2111 737 2176 eosdem
758 2110 838 2174 viros
859 2109 1030 2188 advenisse,
1052 2120 1085 2175 et

136 2196 267 2262 cumeis
281 2195 440 2279 parvulum
455 2195 589 2260 fratrem.
775 2253 778 2262 ,

178 2279 272 2344 Jussit
293 2279 445 2363 Josephus
474 2301 528 2343 eos
559 2279 713 2344 introduci
744 2279 879 2358 domum,
908 2287 941 2342 et
967 2275 1084 2344 lautum

137 2386 237 2449 paron
250 2385 434 2432 convivium.

179 2449 229 2513 lui
260 2469 350 2548 porro
381 2447 563 2512 metuebant
593 2469 633 2512 ne
666 2457 867 2533 arguerentur
889 2447 929 2512 de
951 2447 1086 2532 pecuniis

136 2555 229 2616 quam
263 2555 295 2598 m
323 2533 424 2597 suecis
458 2555 490 2597 re
514 2543 656 2596 sterant:
690 2553 784 2616 quere
809 2529 1017 2627 purgaverunt
1050 2554 1084 2598 se

136 2619 220 2702 apud
233 2618 476 2701 dispensatorem
491 2553 629 2700 iosephi.

177 2702 248 2767 Jam
272 2701 381 2780 semel,
402 2702 554 2784 inquiunt,
568 2703 629 2765 huo
642 2701 803 2766 venimusz
823 2699 935 2766 reversi
957 2701 1083 2766 domum

137 2785 307 2852 invenimus
348 2785 480 2870 pretium
518 2785 662 2850 frumenti
697 2785 730 2850 in
764 2787 888 2852 soccis:
930 2787 1085 2850 nescimus

135 2892 270 2954 quonam
284 2892 361 2940 casu
384 2870 416 2937 id
441 2870 558 2938 factum
574 2869 687 2939 fuerit:
707 2869 762 2934 sed
775 2871 906 2958 eandem
920 2871 1085 2957 pecuniam

135 2955 364 3038 reportavimus.

177 3039 302 3109 Quibus
315 3039 508 3124 dispensator
521 3039 566 3104 ait
577 3041 593 3104 ε’
604 3039 689 3106 bono
703 3039 806 3106 animo
820 3051 930 3105 estote.
962 3037 1085 3104 Deinde
1186 3033 1187 3040 ἵ

108 3124 112 3130 ’
134 3123 263 3188 adduxit
277 3123 316 3188 sd
330 3124 398 3188 illos
413 3125 669 3273 Simeonemgglui
683 3135 820 3190 retentus
834 3125 943 3190 uerat.

176 3293 302 3360 Deinde
323 3292 476 3379 Iosephus
500 3295 658 3380 ingressus
678 3306 728 3362 est
740 3293 949 3372 meonelsvo,
962 3293 1017 3360 nbi
1031 3294 1085 3358 ‘rui

133 3379 578 3532 ppppessrpffizrpxpoeuhnt
591 3378 649 3464 qni
669 3401 748 3448 eum·
764 3380 902 3447 muti
925 3390 997 3496 mm
1008 3377 1086 3444 offs-
