2386 3822
158 573 575 662 enonrscuous
629 561 1009 665 sunnaucas.'

530 825 622 862 Ξ..-

151 1097 318 1162 Docrnrur
331 1109 363 1164 et
377 1099 470 1166 virtus
485 1099 642 1164 tutissimae
657 1114 727 1164 sunt
741 1101 866 1165 divitiae.

150 1181 187 1248 In
201 1183 343 1248 secundis
358 1183 449 1248 rebus
473 1205 565 1248 nemo
582 1183 728 1248 confidat
772 1183 856 1250 Male
871 1184 977 1248 vivunt
997 1186 1053 1268 qui

109 1285 230 1348 semper
243 1268 344 1330 vivere
359 1268 521 1353 incipiunt.
766 1317 774 1340 .
795 1305 808 1322 ·

149 1349 274 1414 Initium
287 1362 335 1416 est
348 1352 454 1416 salutis
467 1353 577 1418 notitia
596 1353 731 1436 pcccati.
774 1353 840 1424 Qui
863 1373 995 1436 peccare
1017 1375 1051 1415 se

108 1433 209 1497 nescit
222 1435 333 1520 corrigi
350 1458 412 1500 nou
426 1437 500 1502 vult.

150 1517 234 1581 Vitia
247 1541 303 1582 sua
316 1521 456 1585 confiteri
471 1521 607 1586 sanitatis
622 1521 769 1586 indicium
782 1530 839 1585 est.

150 1601 222 1666 Pars
236 1604 354 1668 virtutis
368 1604 530 1689 disciplina
543 1616 674 1682 constat,
688 1626 758 1688 pars
771 1605 1001 1670 exercitatione.

149 1686 457 1784 Securitatis-magna
470 1709 539 1772 pars
553 1689 689 1754 estnihil
704 1688 801 1770 iniqui
816 1688 928 1753 facere.

149 1769 258 1854 Magni
290 1773 383 1835 aaran
411 1793 566 1854 proprium
592 1784 640 1836 est
668 1774 792 1860 injurias
812 1784 845 1836 et
865 1772 1052 1838 offensiones
1078 1839 1084 1851 ,

109 1852 279 1935 despicere.

149 2022 282 2088 Fortuna
295 2023 391 2088 vitrea
404 2035 472 2105 est;
493 1946 726 2109 cqusplendet,
741 2026 899 2110 frangitur.
953 1993 955 1997 Ι
1019 2025 1020 2028 ’

150 2107 291 2254 {dunque
311 2110 350 2172 ad
370 2109 511 2174 virtutem
535 2109 675 2186 accessit,
706 2110 792 2172 dedit
819 2131 977 2195 generosa
1004 2109 1052 2172 in-

108 2192 414 2424 Zod'oleprdmaubinde
436 2277 569 2355 nebulae,
589 2277 740 2342 rationem
767 2275 898 2342 affectus
919 2277 1052 2342 obtene-

131 2372 237 2509 rrltqnitffl
251 2445 325 2509 boni
339 2445 404 2510 otio
417 2457 450 2510 et
463 2446 584 2530 ignavis
597 2458 730 2529 paratur.
1043 2527 1048 2530 -

149 2529 221 2594 Hoc
236 2531 324 2608 scito,
338 2530 454 2594 nullum
468 2530 692 2594 simulationem
704 2530 757 2594 diu
773 2530 868 2594 latere
882 2550 983 2613 posse.

150 2614 305 2678 Infelicior
318 2625 366 2678 est
379 2614 518 2698 injuriam
533 2615 584 2694 qui
601 2614 684 2691 lucit,
699 2615 789 2696 quini
804 2615 856 2696 qui
871 2615 1010 2678 sustinet.

150 2697 201 2761 Ab
216 2697 286 2776 alio,
301 2700 392 2778 quam
406 2719 424 2762 a
438 2698 548 2781 seipso,
560 2698 677 2762 laudari
691 2709 826 2781 praestat.

149 2781 209 2846 Dei
224 2781 366 2865 auspiciis
380 2783 537 2846 universus
551 2781 622 2845 coeli
635 2783 710 2845 ordo
724 2783 850 2866 regitur.

149 2951 196 3014 Er
210 2949 285 3013 vitio
299 2949 400 3012 alieno
414 2949 536 3033 sapiens
549 2871 693 3013 cardendat
707 2970 806 3013 auum.

150 3035 246 3100 Exem
269 3033 332 3096 lum
346 3045 394 3096 est
407 3033 502 3096 tacita
516 3034 659 3114 quaedam
673 3033 849 3097 admonitio.

148 3117 231 3181 Infra
244 3054 349 3180 dinam
361 3115 437 3179 nihil
452 3127 499 3179 est
511 3116 569 3178 nisi
584 3116 711 3180 mortale
725 3127 757 3179 et
768 3117 932 3180 caducum.

149 3199 238 3269 Quid
252 3221 374 3283 quoque
388 3200 440 3262 die
454 3199 554 3296 egeris
567 3199 684 3296 vesperi
699 3220 916 3290 commemora.
944 3283 951 3298 ι

149 3283 268 3380 Natura
294 3283 384 3348 nobis
412 3283 717 3349 dedrt‘drversonum
744 3284 1051 3362 commorand1,non

108 3367 316 3533 hadirtdiilddm
328 3453 403 3520 satis
415 3452 534 3548 laudari
549 3461 651 3534 puteat
664 3450 867 3536 philosophia.
