2386 3822
551 211 602 286 38

149 393 216 467 Qui
240 396 466 480 respondenmt
481 417 491 459 z
509 400 658 460 rocenat
677 392 869 478 puellarum
889 405 1051 478 perconte-

105 499 259 634 mrgffi
269 491 605 641 alldslerddlcadnlenisset,
626 561 774 659 sciscitati
796 573 876 641 sunt,
897 582 938 628 au
957 561 1053 630 vellet

107 649 269 713 discedere
283 669 357 713 cum
370 648 517 714 bomine?
539 647 630 725 Volo,
643 647 820 730 mqurtrlla.
1002 701 1008 724 ,
1046 704 1050 717 ,

148 733 338 800 Dimiscnrnt
357 754 433 816 ergo
453 733 634 798 Rebeccam
654 743 689 800 et
711 731 864 796 nutricem
878 731 969 809 illius,
983 750 1053 816 pre·

105 828 214 883 canter
227 819 258 884 ei
272 817 376 883 omnia
389 837 544 902 prospera.
556 904 598 964 26

151 985 277 1052 Isarcus
290 984 367 1052 sorte
382 973 699 1060 tunc'dembulabat
720 1004 809 1065 rure,
828 982 904 1050 vidit
917 981 1052 1048 carnalos
1186 1051 1187 1072 ἶ

105 1069 275 1136 venientes.
319 1069 419 1134 Simul
439 1070 599 1147 Rebecca,
621 1069 803 1152 conspicata
830 1069 927 1132 virum
947 1069 1052 1132 deam·
1186 1093 1187 1110 ¹

105 1152 852 1237 bulmtemdesiluitecamelo,etintorrogorit
872 1151 1053 1232 Eliezeram,
1186 1209 1187 1236 ἶ

106 1238 176 1320 quis
190 1249 238 1302 est
251 1238 303 1302 ille
319 1238 385 1303 vir?
1186 1271 1187 1290 1

149 1321 270 1418 Elierer
290 1323 472 1419 respondit:
495 1323 561 1408 ipse
571 1334 619 1388 est
632 1322 723 1388 herus
735 1343 834 1388 meus.
877 1319 937 1386 Illa
950 1320 1053 1386 statim
1186 1315 1187 1386 ἶ

110 1417 277 1554 opdlidiesre
282 1405 416 1555 ddllddiit
429 1490 539 1556 Isaaco
553 1491 740 1590 omniaque
755 1489 882 1556 fecerat.

148 1573 273 1640 Isaacus
295 1574 462 1638 introduxit
481 1577 661 1640 Rebeccam
681 1597 713 1640 rn
736 1574 969 1640 tabemaculum
988 1595 1053 1640 rna·

105 1655 160 1722 tris
173 1679 249 1756 suaa,
262 1669 296 1725 et
315 1659 428 1724 lenitus
450 1670 498 1726 est
511 1660 609 1740 dolor,
623 1677 715 1746 quern
729 1659 875 1744 cupiebat
895 1677 934 1728 ex
954 1672 1052 1725 morte

106 1754 223 1808 matns.

552 1835 605 1894 2⁷.

147 1911 298 1979 Rebecca
311 1911 409 1980 edidit
430 1935 492 1978 uno
506 1924 598 2000 partu
619 1915 696 1979 duos
717 1913 806 1993 lilios,
829 1911 941 1978 Esallm
955 1923 988 1979 et
1001 1911 1054 1978 Ja-

106 1995 231 2074 cobum.
276 1997 343 2067 Qui
357 1999 439 2082 prior
453 1999 553 2063 aditus
567 2011 624 2078 est,
638 2000 754 2082 pilosus
767 2008 834 2063 erat
848 2021 858 2080 3
880 1999 958 2062 alter
971 1999 1052 2077 verb,

106 2079 206 2146 lenis:
226 2078 280 2145 ille
295 2082 352 2146 fuit
366 2093 492 2146 venator
507 2094 657 2160 strenuus,
671 2081 722 2145 hic
737 2092 841 2147 autem
859 2081 1000 2168 placidus
1021 2093 1054 2148 et

105 2164 236 2248 simplex
250 2167 397 2232 moribus.

149 2250 296 2320 Quadam
309 2251 370 2328 die,
386 2273 481 2333 quum
494 2250 631 2316 lacobus
645 2249 703 2314 sibi
725 2251 892 2334 paravisset
912 2250 1054 2335 pulmen-

106 2344 172 2401 tum
199 2355 238 2398 ex
266 2335 410 2412 lentibus,
434 2337 518 2401 venit
539 2337 635 2400 Esaiis
663 2335 759 2400 sessus
781 2336 820 2400 de
841 2337 899 2413 vib,
923 2347 957 2400 et
976 2336 1054 2400 dixit

106 2417 211 2482 fratri:
232 2420 273 2484 da
294 2420 368 2484 mihi
389 2419 450 2484 hoc
472 2422 684 2505 pulmentum3
705 2441 777 2485 nam
797 2422 892 2486 redeo
912 2441 981 2486 rure
998 2441 1053 2486 ex·

106 2503 258 2568 animatus
272 2503 460 2568 lassitudine.

147 2588 206 2652 Cui
221 2588 376 2654 Jacobus:
392 2589 484 2665 dabo,
493 2589 518 2653 si
533 2589 688 2654 concedas
698 2588 773 2653 mihi
783 2590 834 2677 jus
845 2587 1053 2674 primogeniti.

146 2672 276 2820 {aciem
298 2672 440 2751 libenter,
461 2673 562 2756 inquit
581 2674 689 2738 Esaiis.
732 2673 809 2739 Jura
827 2696 913 2762 ergo,
936 2675 982 2740 ait
1001 2673 1054 2740 Ja-

106 2777 146 2825 co
168 2778 215 2820 us.

148 2841 245 2906 Esaiis
256 2840 368 2926 juravit
381 2850 414 2905 et
427 2841 566 2906 vendidit
576 2842 626 2929 jus
639 2861 738 2908 suum.

149 3011 285 3087 isaacus,
299 3010 352 3093 qui
376 3009 590 3076 delectabatur
603 3010 776 3090 venatione,
790 3011 914 3078 amabat
927 3013 1053 3094 ussum,

105 3096 246 3162 Jacobus
260 3097 331 3159 verb
346 3106 413 3160 erat
427 3094 527 3159 carior
540 3095 709 3159 Rebecca.

149 3180 259 3249 Quum
273 3179 399 3242 Isaacur
417 3179 481 3263 jam
495 3180 654 3256 senuisset,
668 3190 701 3243 et
714 3165 814 3245 lactus
835 3191 917 3246 esset
937 3201 1052 3261 caecus,

106 3265 229 3329 vocavit
253 3263 387 3328 Esaiim:
408 3263 530 3342 sumito,
553 3264 662 3345 inquit,
683 3265 867 3348 pharetram,
895 3285 1001 3330 arcum
1020 3277 1054 3332 et

107 3350 235 3434 sagittas
246 3371 256 3428 ;
276 3347 354 3412 affer
372 3345 449 3411 milri
470 3357 503 3412 et
524 3349 652 3431 parade
666 3350 828 3414 venatione
851 3349 1053 3434 pulmentum,

106 3444 142 3497 ot
162 3433 325 3530 comedam
337 3441 372 3498 et
392 3451 543 3518 upprecer
563 3433 620 3500 tibi
641 3433 743 3500 busta
761 3433 867 3501 ornnla
887 3446 1054 3518 nequam

106 3537 228 3586 monas.
