2386 3822
568 205 617 282 39

114 385 116 392 ’
157 391 224 462 Qui
255 391 497 474 responderunt:
528 389 655 453 obvenit
688 388 777 453 nobis
811 388 970 465 somnium,
997 379 1057 453 'nec

115 476 277 560 quisquam
291 475 405 557 estqui
419 474 496 536 illud
510 475 599 537 nobis
614 474 839 556 interpretetur.

158 561 281 638 Nonne,
299 559 399 641 inquit
417 557 578 640 Josephus,
602 557 662 622 Dei
684 557 778 621 solius
798 568 846 622 est
865 577 1057 641 praenoscere

115 665 164 710 res
178 644 319 708 bitures?
341 644 471 708 Narrate
483 641 558 706 mihi
572 642 691 706 somnia
703 654 813 705 vestra.
1031 659 1035 668 ’

548 759 552 770 ’
563 751 615 808 47.

157 845 240 912 Tum
254 846 336 929 prior
349 845 393 908 sic
408 843 549 927 exposuit
562 841 698 926 Joscpho
712 843 863 908 somnium
877 866 977 910 suum.

157 931 229 994 Vidi
244 931 275 993 in
289 931 392 1012 quiete
406 930 500 993 vitem
522 928 554 990 in
574 929 736 1010 quierant
757 938 818 992 tres
839 929 999 1011 palmites3
1019 952 1058 995 ea

115 1013 263 1099 paulatim
278 1014 404 1099 protulit
416 1033 575 1097 gennnas3
595 1011 709 1077 deinde
728 1013 817 1076 flores
830 1025 1005 1096 eruperunt,
1019 1035 1057 1078 ac

114 1098 331 1181 deniqueuvae
345 1097 605 1161 maturescebant.
839 1096 842 1102 ’

157 1183 225 1266 Ego
240 1183 449 1265 exprimebam
463 1202 537 1245 uvas
560 1181 593 1244 in
615 1180 763 1265 scyphum
776 1179 952 1259 Pharaonis,
966 1181 1057 1264 eique

115 1267 322 1353 porrigebam.

113 1373 119 1386 ·
157 1351 232 1414 Esto
259 1350 343 1414 bono
364 1350 476 1428 animo,
504 1349 604 1433 inquit
624 1348 785 1432 Josephus,
807 1359 877 1432 post
908 1359 968 1413 tres
991 1348 1058 1414 dies

114 1434 234 1530 Pharao
255 1445 286 1532 te
308 1436 446 1532 restituet
466 1435 498 1498 in
518 1435 648 1520 gradum
669 1433 852 1519 pristinum:
874 1445 904 1498 te
926 1455 1002 1520 rogo
1023 1444 1058 1498 ut

114 1537 288 1582 meminens
302 1538 374 1582 mer.
396 1533 399 1540 ’
1009 1537 1013 1544 ’

562 1607 612 1668 48.

155 1707 244 1772 Alter
258 1728 380 1791 quoque
394 1706 527 1772 narravit
540 1706 691 1770 somnium
705 1728 794 1770 suum
813 1705 967 1796 losepho:
987 1730 1057 1794 ges·

114 1791 218 1857 tabam
232 1791 265 1855 iu
279 1793 381 1877 capite
403 1793 461 1857 tria
483 1791 617 1856 canistra
630 1791 662 1856 in
676 1791 787 1874 quibus
800 1802 888 1856 erant
902 1791 966 1857 cibi
980 1813 1057 1876 quos

114 1875 243 1962 pistores
258 1877 358 1940 solent
371 1877 536 1941 conficere.

157 1961 243 2024 Ecce
271 1973 375 2024 autem
402 1982 473 2024 aves
504 1959 803 2037 circumvolitabant,
825 1972 857 2024 et
878 1961 966 2025 cibos
987 1961 1057 2026 illos

114 2043 332 2108 comedebant.
385 2045 443 2107 Cui
470 2043 641 2126 Iosephus:
675 2043 744 2107 haec
772 2056 820 2107 cst
847 2045 1057 2128 interpretatio

114 2128 201 2192 istius
215 2127 335 2192 somnii.

155 2211 230 2276 Tria
244 2213 378 2276 canistra
391 2221 461 2275 sunt
482 2223 544 2276 tres
565 2212 641 2289 dies,
656 2211 767 2294 quibus
791 2211 913 2295 elapsis,
938 2211 1056 2278 Pharao

114 2307 145 2360 te
159 2295 248 2360 feriet
262 2296 371 2374 monti,
385 2305 418 2360 et
431 2296 538 2382 affiget
552 2296 592 2360 ad
606 2297 719 2380 palum,
735 2295 788 2360 ubi
803 2316 874 2361 aves
891 2309 1057 2380 pascentur

113 2401 206 2444 carne
221 2380 283 2444 tui.

561 2471 612 2529 49.

154 2548 214 2613 Die
234 2551 335 2628 tertio,
350 2552 403 2634 qui
416 2552 482 2614 dies
504 2551 614 2614 natalis
635 2549 800 2614 Pharaonis
824 2561 900 2627 erat,
921 2552 1056 2637 splendi-

112 2634 187 2704 dum
201 2635 373 2698 convivium
387 2635 555 2718 parandum
570 2635 637 2698 fuit.

154 2719 245 2782 'lunc
260 2739 313 2783 rex
323 2719 462 2782 meminit
482 2720 687 2783 ministrorum
708 2739 840 2799 monim,
855 2723 907 2804 qui
922 2731 1009 2786 erant
1023 2722 1054 2786 in

112 2823 249 2867 carcere.

154 2887 302 2950 Restituit
317 2887 466 2970 praesecto
487 2886 701 2970 pincernarum
724 2907 835 2952 munus
849 2910 958 2970 suum;
978 2890 1054 2954 alte·

113 2992 180 3034 rnrn
202 2971 273 3034 verb
296 2971 397 3034 securi
419 2991 597 3052 percussum
617 2971 776 3055 suspendit
796 2975 836 3036 ad
857 2974 981 3057 palum:
1005 2975 1054 3038 Ita

112 3075 162 3122 res
175 3055 328 3118 samnitum
341 3055 563 3136 comprobavit.

153 3139 275 3204 Tamen
289 3137 454 3222 prefectus
477 3139 691 3222 pincernarum
715 3142 829 3206 oblitus
845 3153 894 3206 est
917 3141 1064 3225 Josephi„

112 3243 171 3290 nec
186 3221 269 3285 illius
282 3221 315 3286 in
328 3243 362 3286 sc
375 3223 475 3286 meriti
489 3225 667 3290 recordatus
682 3237 738 3290 est.

458 3331 610 3389 ··50.

153 3425 228 3490 Post
240 3425 399 3490 biennium
413 3447 466 3490 rex
480 3427 668 3511 ipsehabuit
681 3429 841 3494 somnium.

155 3511 325 3577 Videbatur
335 3511 393 3576 sibi
408 3511 527 3578 adstare
538 3513 616 3578 Nilo
626 3514 743 3578 flumini
756 3537 763 3576 ε
778 3525 811 3578 et
824 3535 901 3580 ecca
915 3535 1042 3600 emerge>
