2386 3822
545 190 595 266 64

98 374 144 437 illi
165 395 273 438 munus
295 373 444 439 violentas
465 375 586 454 inferre,
612 377 667 440 sed
687 375 846 442 nunciavit
865 375 976 456 Joabo,
991 380 1044 462 qui

95 459 374 606 eumfmqncrepans,
405 459 567 538 debueras,
598 459 708 542 inquit,
736 461 883 545 juvenem
916 461 1044 547 impium

98 563 159 607 con
211 565 275 607 ere.

141 627 248 711 Atqui,
263 629 419 710 respondit
433 626 496 706 ille,
508 649 559 693 me
580 639 742 712 presente,
757 649 810 694 rex
823 631 974 714 precepit
985 630 1044 696 tibi

98 721 132 775 ut
145 711 210 774 lilio
222 731 279 774 suo
292 733 445 794 parceres.

140 795 209 878 Ego
222 797 293 859 verb
307 817 370 859 non
392 815 527 878 paroarn,
547 796 592 860 ait
612 796 738 874 Joabus,
751 807 784 862 et
797 798 901 861 statim
915 799 1044 880 sumpsit

96 888 158 942 tres
173 879 307 957 lanceas,
321 900 397 961 quar
411 881 444 944 in
457 891 566 964 peonis
580 881 745 946 Absalonis
758 881 874 946 defixit

139 963 248 1034 Quum
269 963 408 1028 Absalon
428 965 531 1030 adhuc
545 965 597 1048 pel
621 965 711 1030 ‘taret
724 965 844 1030 berem
861 966 895 1032 in
915 987 1043 1048 quercu,

96 1049 239 1134 armigeri
267 1048 358 1112 Joabi
381 1049 521 1134 repetitis
544 1049 601 1116 icti
623 1070 659 1114 us
683 1049 860 1116 commum
879 1050 1044 1116 iutereme-

95 1144 176 1197 Mt.

139 1315 250 1380 Stabat
277 1316 394 1382 interea
420 1317 519 1382 David
538 1319 582 1382 ad
612 1328 733 1401 portam
761 1317 855 1394 urbis,
876 1329 1045 1402 expectans

95 1411 240 1466 eventum
253 1422 378 1498 pugnae,
392 1412 425 1466 et
437 1403 567 1468 maxime
581 1401 621 1466 de
636 1401 690 1466 filii
704 1401 802 1468 salute
817 1401 966 1468 solicitus.

138 1483 247 1555 Quum
259 1485 305 1550 illr
326 1487 506 1551 nunciatum
527 1496 608 1552 esset
628 1486 806 1570 profligatos
826 1486 931 1552 hostes
951 1497 984 1552 ct
997 1487 1044 1552 in·

95 1569 258 1634 terfectum
272 1591 339 1634 esse
361 1570 560 1648 Absalonem,
574 1592 637 1634 non
659 1571 750 1634 modd
765 1590 828 1634 non
852 1570 974 1636 laetatus
995 1582 1044 1635 est

94 1655 134 1718 de
149 1653 277 1718 victorii
297 1675 390 1737 quam
413 1665 630 1738 reportaverat,
653 1655 708 1738 sed
730 1653 899 1720 maximum
919 1675 1043 1738 quoque

94 1739 233 1803 dolorem
246 1739 332 1822 cepit
345 1761 384 1804 er
397 1750 495 1804 morte
510 1739 575 1804 filii.

137 1822 354 1888 Inarnbulabat
375 1824 407 1887 in
428 1823 591 1888 coenaculo
614 1845 757 1902 moerens,
772 1823 850 1888 etin
872 1823 928 1888 has
948 1843 1044 1889 voces

94 1905 262 1972 identidem
276 1927 458 1992 erumpens:
480 1907 524 1972 fili
545 1909 587 1972 mi
601 1908 751 1987 Absalon,
765 1907 905 1973 Absalon
920 1907 963 1972 fili
977 1908 1041 1972 mi!

93 1993 212 2058 utinam
224 2013 282 2078 pro
295 2003 326 2058 te
340 1993 476 2072 morirer,
490 1992 630 2058 Absalon
643 1993 688 2058 fili
701 1993 754 2072 mi,
769 1991 813 2061 lili
826 1993 869 2057 mi
880 1992 1041 2060 Abaalon!

536 2100 605 2160 129.

135 2195 237 2260 Multa
249 2196 400 2280 deinceps
419 2195 503 2261 bella
526 2195 626 2262 David
649 2197 792 2280 prospere
813 2195 911 2295 gessit
931 2206 1042 2261 eontra

93 2281 275 2360 Philistaeos,
289 2282 440 2363 rebusque
456 2280 528 2344 foris
542 2287 576 2344 et
588 2280 672 2345 dorni
686 2281 875 2366 compositis,
889 2281 1040 2364 reliquum

93 2367 165 2430 vitae
180 2376 300 2450 tempus
314 2366 346 2430 in
361 2364 481 2430 florenti
495 2385 574 2448 pace
588 2365 703 2450 exegit.

135 2449 243 2521 Quum
256 2461 339 2515 esset
352 2448 488 2514 extremi
500 2459 661 2514 senectute
675 2459 708 2512 et
721 2447 840 2514 infirmi
852 2447 1039 2528 valetudiue,

94 2534 293 2601 Salomonem
306 2533 462 2597 haeredem
476 2533 563 2618 regni
578 2533 748 2597 constituit.

135 2619 210 2766 lulla
223 2639 340 2683 summo
355 2618 515 2682 sacerdote
539 2627 661 2695 unctus,
675 2617 744 2682 vivo
758 2617 859 2682 adhuc
874 2625 977 2704 patre,
986 2618 1041 2682 reri

92 2726 112 2770 u
155 2726 173 2767 e
198 2713 265 2766 atus
278 2713 336 2768 est.

111 2725 132 2790 p
183 2787 244 2866 vid,
258 2798 421 2870 postquam
442 2785 506 2854 lilio
528 2785 663 2852 dedisset
684 2795 843 2870 proecepta
864 2805 964 2872 regno
985 2786 1040 2851 ad·

91 2873 291 2940 ministrando
306 2872 477 2949 utilissima,
491 2871 574 2936 diem
590 2889 766 2954 supremum
779 2869 867 2935 obiit.

133 3077 295 3162 Diligebat
308 3075 394 3142 Deus
415 3075 632 3142 Salomonemr
652 3076 683 3140 ei
696 3097 752 3159 per
765 3077 903 3158 quietem
916 3077 1038 3143 manre

91 3163 173 3226 usus
186 3173 243 3239 est,
255 3161 403 3242 deditque
417 3160 575 3244 optionem
588 3161 725 3244 eligendi
739 3161 888 3244 quidquid
901 3160 1006 3226 vellet.

134 3245 281 3310 Salomon
295 3265 357 3309 non
370 3243 454 3308 aliud
476 3243 534 3308 sibi
556 3245 622 3308 dari
643 3245 796 3328 poposcit,
810 3248 903 3328 quam
917 3247 1038 3330 sapien·

91 3331 177 3407 tiam,
191 3329 309 3410 reliqua
322 3326 425 3392 omnia
438 3328 522 3410 parvi
537 3329 701 3392 estimans.

133 3413 216 3482 Quae
238 3433 287 3476 rea
307 3411 352 3476 ita
371 3411 440 3474 Deo
452 3411 582 3493 placuit,
596 3423 630 3476 ut
644 3411 688 3474 illi
703 3413 770 3496 plius
784 3414 925 3480 tribuerit
945 3416 1038 3498 quim

140 3505 217 3561 aaa
230 3495 349 3573 furerat3
370 3513 442 3558 nam
456 3494 614 3560 Salomoni
629 3495 771 3562 eximiam
784 3498 966 3583 sapientiam
980 3499 1037 3564 im·
