2386 3822
502 171 505 182 '
546 181 590 250 10

444 357 518 432 rte
543 358 708 434 Relatioe.

296 561 299 568 ·
322 555 412 618 nam,
428 555 460 605 n
475 555 637 618 cr.-smnn‚
652 557 664 621 s
680 557 701 605 r.
717 555 747 604 n.
759 555 783 618 r,
793 557 816 606 s.

100 727 102 735 ¹
146 645 176 718 F
177 648 264 720 ortis
289 662 344 722 est
368 673 429 744 qur
453 674 492 722 se
518 649 639 722 vincit.

135 743 339 841 vNunquam
364 752 462 820 recte
487 747 609 835 saciet,
635 747 695 843 qui
721 745 794 821 cito
821 748 947 822 credit.

146 841 245 916 Leve
270 845 320 933 fit,
346 847 441 940 quod
467 847 558 919 bene
585 846 706 935 fertur,
731 869 832 919 onus.

144 940 230 1014 Non
255 967 334 1016 sum
359 968 466 1039 quern
490 958 608 1041 putas.

143 1037 243 1112 Nihil
261 1055 316 1114 est
333 1043 428 1137 quod
445 1065 518 1114 non
536 1056 718 1140 expugnet
734 1043 896 1140 pertinax
912 1064 1032 1142 opera

145 1137 246 1212 Felix
271 1152 326 1213 est
350 1165 457 1236 quern
482 1140 583 1214 Deus
608 1141 734 1238 diligit.

528 1355 607 1372 —

529 1373 607 1386 unu—n-

361 1503 434 1578 Tre
458 1503 629 1604 Infinitive
653 1501 768 1586 Mood.
819 1581 822 1588 Ι

341 1680 430 1741 Adam,
446 1679 477 1728 R,
492 1675 639 1739 a.-'-Smirh,
653 1677 666 1742 ᾖ
681 1677 703 1726 1.
714 1677 746 1726 R.
753 1677 777 1726 9.

140 1782 286 1858 Nocere
312 1784 418 1858 facile
444 1797 509 1873 est,
535 1785 706 1881 prodesse
731 1781 889 1856 difficile.

139 1882 302 1956 Noscere
328 1885 485 1980 seipsum
509 1885 666 1959 maxima
690 1881 868 1978 sapientia
891 1893 958 1955 est.

140 1980 225 2054 Non
250 1983 424 2054 dimicare
450 1982 517 2055 fuit
541 1981 697 2054 vincere.

141 2077 314 2177 Progredi
339 2082 489 2154 arduum
513 2091 578 2167 est,
605 2078 747 2174 regredi
770 2077 1023 2176 periculosum.

323 2276 412 2338 nam,
428 2275 460 2326 a.
475 2274 634 2335 rra-amna
648 2273 661 2338 t
674 2273 697 2324 a
709 2273 740 2324 a.
750 2272 806 2336 aa

139 2375 265 2450 Emori
289 2377 412 2473 cupio.-

139 2473 282 2548 Tacere
308 2498 460 2569 nequeo.

139 2573 243 2645 Ande
269 2585 501 2645 contemnere
527 2595 640 2669 opes„

11 2690 15 2723 Ι
138 2671 264 2745 Amitti
288 2672 398 2744 virtus
422 2694 494 2743 non
518 2684 647 2767 potest.

12 2726 16 2912 ὶ
139 2767 291 2868 Pigebat
315 2781 353 2842 ct
377 2771 573 2842 consistere
598 2782 636 2841 ct
660 2767 838 2864 progredi.

15 2915 17 2959 p
136 2868 245 2940 Vinci
268 2875 374 2962 quim
398 2869 541 2940 vincere
566 2867 701 2941 maluit.

16 2993 19 3120 p
136 2965 194 3040 Ne
220 2979 337 3039 tentes
361 2967 456 3060 quod
481 2965 579 3038 effici
602 2989 674 3037 non
700 2975 830 3062 potest.
932 2999 936 3008 ·

18 3135 20 3203 ἰ
140 3065 251 3160 Sequi
275 3063 390 3160 gloria
414 3088 485 3136 non
511 3063 632 3161 appeti
656 3063 776 3135 debet.

20 3259 22 3324 ὲ
334 3257 773 3322 aam‚n.r.-smru‚sanr.

22 3389 24 3454 p
137 3352 194 3426 Ta
220 3351 356 3427 salvum
382 3353 521 3427 venisse
540 3350 702 3448 gaudeo,

23 3463 24 3503 ¹
138 3451 257 3526 Nemo
281 3475 321 3524 se
345 3475 492 3524 avarum
517 3474 596 3524 esse
621 3447 797 3544 intelligit.
