2386 3822
545 132 592 202 68

136 311 194 376 Cui
219 331 294 394 aper
315 313 482 408 respondit,
507 310 566 376 sibi
587 311 759 396 periculrun
780 311 805 376 si
827 311 903 375 fortb
925 311 1042 374 adeun·

94 396 168 460 dum
188 396 237 472 sit,
251 416 314 459 non
327 408 425 460 otrum
440 408 504 460 tum
518 397 651 460 futurum
673 397 713 460 ad
736 396 891 460 acuendos
910 396 1042 459 dentes:

94 499 171 564 ergo
194 500 227 542 se
251 481 346 558 recte,
371 481 446 544 dura
468 480 657 544 concedatur
678 489 809 564 tempus,
833 481 874 543 ad
896 484 1042 544 eventum

94 584 208 648 pugna
222 584 405 648 praeparare.

79 831 87 860 ἴ
521 782 614 839 nux.

138 872 219 949 Nux,
246 871 416 936 secundum
437 870 517 934 viam
538 881 615 948 sata,
637 871 801 956 plurimum
822 871 941 936 ferebat
961 871 1042 935 fruc·

96 957 165 1020 trist
185 957 256 1020 cum
270 967 406 1019 autema
462 955 536 1038 pulo
550 967 753 1038 praetereunte
769 957 848 1020 saxis
864 967 896 1020 ct
911 956 1042 1019 firstibus

96 1041 303 1124 impeteretur,
317 1051 350 1102 ut
366 1041 423 1123 jug
436 1042 531 1102 andes
544 1040 725 1103 decidentes
739 1052 917 1123 carperent3
931 1039 984 1104 Me
995 1040 1044 1102 in-

96 1123 229 1201 felicem,
243 1123 449 1200 exclamabat,
464 1125 516 1186 cui
537 1124 651 1207 gratias
674 1135 737 1186 tam
758 1127 887 1189 acerbas
908 1124 1044 1189 raserunt

95 1209 138 1270 ob
153 1207 269 1272 fructus
280 1208 435 1293 jucundos
448 1228 525 1290 quos
539 1229 578 1272 ex
590 1229 640 1272 me
655 1209 840 1293 percipiunt.

365 1445 507 1502 saluus
537 1348 590 1500 gri,
620 1445 780 1502 CICADAE.

140 1547 262 1624 Asinus,
276 1549 347 1610 clrm
361 1547 486 1610 cicadas
508 1555 655 1609 canentes
674 1545 847 1624 audivisset,
862 1555 894 1609 et
907 1564 1043 1608 concen-

98 1631 146 1695 tus
161 1632 340 1694 suavitatem
354 1632 479 1693 miratus
493 1640 585 1705 esset,
596 1630 806 1714 interrogabat
819 1651 882 1708 eas,
890 1628 966 1698 Quo
979 1628 1044 1692 vic·

97 1725 131 1778 tu
153 1725 318 1792 uterentur,
332 1725 367 1777 ut
380 1735 488 1778 vocem
509 1713 586 1776 oded
608 1713 732 1778 dulcem
754 1713 932 1797 claramque
953 1712 1045 1778 emit·

97 1807 208 1861 terent.
265 1799 404 1880 Cumque
440 1797 502 1860 illas
534 1797 764 1879 responderent,
786 1819 819 1862 se
843 1819 910 1862 rore
938 1795 1044 1878 vesci;

97 1881 210 2030 iromus,
225 1882 298 1977 dum
312 1881 443 1961 aberrat,
458 1891 625 1965 expectans
640 1901 739 1945 rorem
764 1882 816 1965 qui
841 1882 985 1946 noctibus
1000 1881 1044 1960 fit,

112 1985 180 2030 ame
194 1966 318 2030 rutenit.

558 2093 587 2148 7.

217 2239 219 2246 ,
311 2206 467 2262 CANCER
499 2205 548 2260 ET
578 2205 713 2261 MATER
741 2205 837 2262 EJUS.

141 2305 254 2370 Cancri
276 2317 373 2370 mater
394 2305 519 2390 parvulo
543 2327 599 2369 suo
628 2305 775 2385 dicebat3
809 2303 857 2368 Mi
884 2315 967 2380 nate,
990 2323 1047 2367 cur

99 2390 242 2473 obliquos
256 2391 412 2472 intorques
432 2411 564 2473 gressus,
587 2392 657 2454 clrm
671 2391 758 2453 recta
770 2388 915 2453 incedere
929 2387 1046 2452 debes?

100 2473 237 2551 Faciam,
259 2475 359 2556 inquit
381 2474 445 2550 ille,
467 2495 537 2538 mea
555 2486 663 2552 mater,
677 2475 702 2536 si
724 2484 755 2538 te
777 2473 859 2537 idem
880 2471 1047 2536 facientem

100 2558 183 2642 prius
212 2559 326 2622 videro.
384 2558 442 2621 lrlt
464 2569 567 2622 autem
598 2559 706 2624 bostra
737 2558 769 2621 id
804 2568 949 2635 conante,
980 2555 1048 2640 ejas

101 2641 267 2706 amentiam
281 2642 486 2727 redarguebat
500 2641 591 2706 lilius.

562 2790 593 2850 8.

379 2905 495 2962 CANIS
524 2905 567 2961 IN
596 2905 776 2962 PRAESEPI.

144 3011 302 3077 Frondem
315 3012 403 3076 canis
415 3011 569 3091 dentibus,
584 3023 617 3076 et
637 3011 782 3076 allatrans
806 3011 838 3074 in
862 3009 994 3093 praesepi
1005 3008 1051 3095 ja·

103 3096 205 3242 cegatl,
220 3115 316 3178 aquo
337 3097 409 3180 equi
431 3097 624 3164 terrebantur
637 3117 741 3180 neque
756 3094 997 3160 admittebantur
1011 3091 1053 3156 ad

103 3197 145 3264 pa
166 3201 187 3240 u
199 3199 228 3244 a.

145 3261 204 3325 Cui
232 3284 321 3343 unus,
349 3263 480 3334 Quanto
501 3265 569 3344 ista,
594 3265 703 3349 inquit,
724 3263 840 3328 invidia
860 3271 918 3341 est,
939 3273 970 3328 te
991 3280 1056 3325 non

103 3343 218 3442 patinut
231 3367 271 3414 oo
285 3348 359 3414 cibo
382 3369 553 3429 vescamur,
567 3371 661 3434 qoem
680 3369 794 3434 capere
815 3368 874 3411 neo
891 3345 973 3418 ¹velis
994 3365 1055 3411 noo
