<?xml version="1.0" encoding="UTF-8"?>
<!DOCTYPE html PUBLIC "-//W3C//DTD XHTML 1.0 Transitional//EN"
    "http://www.w3.org/TR/xhtml1/DTD/xhtml1-transitional.dtd">
<html xmlns="http://www.w3.org/1999/xhtml" xml:lang="en" lang="en">
 <head>
  <title>
</title>
<meta http-equiv="Content-Type" content="text/html;charset=utf-8" />
  <meta name='ocr-system' content='tesseract 3.04.00' />
  <meta name='ocr-capabilities' content='ocr_page ocr_carea ocr_par ocr_line ocrx_word'/>
</head>
<body>
  <div class='ocr_page' id='page_1' title='image "./liberprimusoraf02danagoog_0055.png"; bbox 0 0 2386 3822; ppageno 0'>
   <div class='ocr_carea' id='block_1_1' title="bbox 558 191 607 263">
    <p class='ocr_par' dir='ltr' id='par_1_1' title="bbox 558 191 607 263">
     <span class='ocr_line' id='line_1_1' title="bbox 558 191 607 263; baseline -0.02 0"><span class='ocrx_word' id='word_1_1' title='bbox 558 191 607 263; x_wconf 65' lang='grc'><strong>49</strong></span> 
     </span>
    </p>
   </div>
   <div class='ocr_carea' id='block_1_2' title="bbox 106 373 1058 796">
    <p class='ocr_par' dir='ltr' id='par_1_2' title="bbox 106 373 1057 626">
     <span class='ocr_line' id='line_1_2' title="bbox 106 373 1057 458; baseline -0.002 -18"><span class='ocrx_word' id='word_1_2' title='bbox 106 376 166 440; x_wconf 91' lang='lat' dir='ltr'><strong>erit</strong></span> <span class='ocrx_word' id='word_1_3' title='bbox 198 374 285 440; x_wconf 88' lang='lat' dir='ltr'><strong>vobis</strong></span> <span class='ocrx_word' id='word_1_4' title='bbox 316 373 470 458; x_wconf 75' lang='lat' dir='ltr'><strong>praesidio,</strong></span> <span class='ocrx_word' id='word_1_5' title='bbox 504 384 538 439; x_wconf 90' lang='lat' dir='ltr'><strong>et</strong></span> <span class='ocrx_word' id='word_1_6' title='bbox 564 374 702 438; x_wconf 80' lang='lat' dir='ltr'><strong>deducet</strong></span> <span class='ocrx_word' id='word_1_7' title='bbox 733 394 788 438; x_wconf 82' lang='lat' dir='ltr'><strong>vos</strong></span> <span class='ocrx_word' id='word_1_8' title='bbox 822 373 990 458; x_wconf 88' lang='lat' dir='ltr'><strong>aliquando</strong></span> <span class='ocrx_word' id='word_1_9' title='bbox 1018 395 1057 440; x_wconf 86' lang='lat' dir='ltr'><strong>er</strong></span> 
     </span>
     <span class='ocr_line' id='line_1_3' title="bbox 108 458 1057 545; baseline -0.002 -21"><span class='ocrx_word' id='word_1_10' title='bbox 108 461 245 545; x_wconf 82' lang='lat' dir='ltr'><strong>AEgypto</strong></span> <span class='ocrx_word' id='word_1_11' title='bbox 265 460 297 524; x_wconf 91' lang='lat' dir='ltr'><strong>in</strong></span> <span class='ocrx_word' id='word_1_12' title='bbox 319 459 478 542; x_wconf 82' lang='lat' dir='ltr'>regionem</span> <span class='ocrx_word' id='word_1_13' title='bbox 502 478 596 540; x_wconf 88' lang='lat' dir='ltr'><strong>quam</strong></span> <span class='ocrx_word' id='word_1_14' title='bbox 609 458 748 542; x_wconf 88' lang='lat' dir='ltr'><strong>patribus</strong></span> <span class='ocrx_word' id='word_1_15' title='bbox 768 459 879 522; x_wconf 79' lang='lat' dir='ltr'><strong>amuis</strong></span> <span class='ocrx_word' id='word_1_16' title='bbox 898 459 1057 542; x_wconf 77' lang='lat' dir='ltr'><strong>promisit:</strong></span> 
     </span>
     <span class='ocr_line' id='line_1_4' title="bbox 108 542 994 626; baseline -0.002 -18"><span class='ocrx_word' id='word_1_17' title='bbox 108 567 163 608; x_wconf 92' lang='lat' dir='ltr'><strong>oro</strong></span> <span class='ocrx_word' id='word_1_18' title='bbox 176 564 230 608; x_wconf 89' lang='lat' dir='ltr'><strong>vos</strong></span> <span class='ocrx_word' id='word_1_19' title='bbox 244 555 338 625; x_wconf 91' lang='lat' dir='ltr'><strong>atque</strong></span> <span class='ocrx_word' id='word_1_20' title='bbox 353 544 492 607; x_wconf 85' lang='lat' dir='ltr'><strong>obtestor</strong></span> <span class='ocrx_word' id='word_1_21' title='bbox 505 554 541 606; x_wconf 91' lang='lat' dir='ltr'><strong>ut</strong></span> <span class='ocrx_word' id='word_1_22' title='bbox 555 542 630 607; x_wconf 90' lang='lat' dir='ltr'><strong>illuc</strong></span> <span class='ocrx_word' id='word_1_23' title='bbox 645 563 716 606; x_wconf 86' lang='lat' dir='ltr'><strong>ossa</strong></span> <span class='ocrx_word' id='word_1_24' title='bbox 730 564 801 606; x_wconf 88' lang='lat' dir='ltr'><strong>mea</strong></span> <span class='ocrx_word' id='word_1_25' title='bbox 814 544 994 626; x_wconf 71' lang='lat' dir='ltr'><strong>deportetis,</strong></span> 
     </span>
    </p>

    <p class='ocr_par' dir='ltr' id='par_1_3' title="bbox 107 627 1058 796">
     <span class='ocr_line' id='line_1_5' title="bbox 151 627 1058 712; baseline -0.001 -18"><span class='ocrx_word' id='word_1_26' title='bbox 151 630 273 694; x_wconf 84' lang='lat' dir='ltr'>Deinde</span> <span class='ocrx_word' id='word_1_27' title='bbox 288 628 411 712; x_wconf 77' lang='lat' dir='ltr'><strong>placide</strong></span> <span class='ocrx_word' id='word_1_28' title='bbox 435 627 529 692; x_wconf 84' lang='lat' dir='ltr'><strong>obiit:</strong></span> <span class='ocrx_word' id='word_1_29' title='bbox 551 649 664 712; x_wconf 89' lang='lat' dir='ltr'><strong>corpus</strong></span> <span class='ocrx_word' id='word_1_30' title='bbox 685 627 752 711; x_wconf 86' lang='lat' dir='ltr'><strong>ejus</strong></span> <span class='ocrx_word' id='word_1_31' title='bbox 773 627 933 691; x_wconf 89' lang='lat' dir='ltr'><strong>conditum</strong></span> <span class='ocrx_word' id='word_1_32' title='bbox 954 640 1011 708; x_wconf 86' lang='lat' dir='ltr'><strong>est,</strong></span> <span class='ocrx_word' id='word_1_33' title='bbox 1025 640 1058 693; x_wconf 89' lang='lat' dir='ltr'><strong>et</strong></span> 
     </span>
     <span class='ocr_line' id='line_1_6' title="bbox 107 711 429 796; baseline -0.016 -16"><span class='ocrx_word' id='word_1_34' title='bbox 107 711 141 782; x_wconf 88' lang='lat' dir='ltr'><strong>iu</strong></span> <span class='ocrx_word' id='word_1_35' title='bbox 155 713 270 778; x_wconf 86' lang='lat' dir='ltr'><strong>feretro</strong></span> <span class='ocrx_word' id='word_1_36' title='bbox 285 713 429 796; x_wconf 71' lang='lat' dir='ltr'><strong>positum·</strong></span> 
     </span>
    </p>
   </div>
   <div class='ocr_carea' id='block_1_3' title="bbox 564 835 614 893">
    <p class='ocr_par' dir='ltr' id='par_1_4' title="bbox 564 835 614 893">
     <span class='ocr_line' id='line_1_7' title="bbox 564 835 614 893; baseline -0.02 0"><span class='ocrx_word' id='word_1_37' title='bbox 564 835 614 893; x_wconf 81' lang='lat'><strong>80.</strong></span> 
     </span>
    </p>
   </div>
   <div class='ocr_carea' id='block_1_4' title="bbox 106 923 1059 1098">
    <p class='ocr_par' dir='ltr' id='par_1_5' title="bbox 106 923 1059 1098">
     <span class='ocr_line' id='line_1_8' title="bbox 152 923 1059 1018; baseline -0.002 -18"><span class='ocrx_word' id='word_1_38' title='bbox 152 937 276 1000; x_wconf 84' lang='lat' dir='ltr'><strong>Interea</strong></span> <span class='ocrx_word' id='word_1_39' title='bbox 302 937 416 1018; x_wconf 82' lang='lat' dir='ltr'><strong>posteri</strong></span> <span class='ocrx_word' id='word_1_40' title='bbox 437 935 560 1012; x_wconf 77' lang='lat' dir='ltr'><strong>iacobi,</strong></span> <span class='ocrx_word' id='word_1_41' title='bbox 584 923 638 998; x_wconf 80' lang='lat' dir='ltr'><strong>reu</strong></span> <span class='ocrx_word' id='word_1_42' title='bbox 660 933 799 1012; x_wconf 87' lang='lat' dir='ltr'><strong>Hebraei,</strong></span> <span class='ocrx_word' id='word_1_43' title='bbox 824 957 954 1000; x_wconf 90' lang='lat' dir='ltr'><strong>numero</strong></span> <span class='ocrx_word' id='word_1_44' title='bbox 975 935 1059 1000; x_wconf 90' lang='lat' dir='ltr'><strong>aucti</strong></span> 
     </span>
     <span class='ocr_line' id='line_1_9' title="bbox 106 1017 1059 1098; baseline 0 -14"><span class='ocrx_word' id='word_1_45' title='bbox 106 1032 181 1084; x_wconf 89' lang='lat' dir='ltr'><strong>sunt</strong></span> <span class='ocrx_word' id='word_1_46' title='bbox 204 1021 313 1084; x_wconf 90' lang='lat' dir='ltr'><strong>mirum</strong></span> <span class='ocrx_word' id='word_1_47' title='bbox 334 1020 367 1084; x_wconf 90' lang='lat' dir='ltr'><strong>in</strong></span> <span class='ocrx_word' id='word_1_48' title='bbox 388 1021 524 1098; x_wconf 89' lang='lat' dir='ltr'><strong>modum,</strong></span> <span class='ocrx_word' id='word_1_49' title='bbox 548 1030 707 1084; x_wconf 91' lang='lat' dir='ltr'><strong>eteorum</strong></span> <span class='ocrx_word' id='word_1_50' title='bbox 727 1017 894 1085; x_wconf 86' lang='lat' dir='ltr'><strong>multitudo</strong></span> <span class='ocrx_word' id='word_1_51' title='bbox 915 1041 1059 1086; x_wconf 84' lang='lat' dir='ltr'><strong>crescens</strong></span> 
     </span>
    </p>
   </div>
   <div class='ocr_carea' id='block_1_5' title="bbox 7 1103 723 1206">
    <p class='ocr_par' dir='ltr' id='par_1_6' title="bbox 7 1103 723 1206">
     <span class='ocr_line' id='line_1_10' title="bbox 7 1103 723 1206; baseline -0.006 -35"><span class='ocrx_word' id='word_1_52' title='bbox 7 1193 9 1206; x_wconf 91' lang='lat'>.</span> <span class='ocrx_word' id='word_1_53' title='bbox 107 1107 143 1170; x_wconf 89' lang='lat' dir='ltr'><strong>in</strong></span> <span class='ocrx_word' id='word_1_54' title='bbox 158 1107 224 1169; x_wconf 90' lang='lat' dir='ltr'><strong>dies</strong></span> <span class='ocrx_word' id='word_1_55' title='bbox 237 1116 355 1169; x_wconf 90' lang='lat' dir='ltr'><strong>metum</strong></span> <span class='ocrx_word' id='word_1_56' title='bbox 370 1105 544 1170; x_wconf 81' lang='lat' dir='ltr'><strong>incutiebat</strong></span> <span class='ocrx_word' id='word_1_57' title='bbox 558 1103 723 1188; x_wconf 83' lang='lat' dir='ltr'><strong>AEgyptiis.</strong></span> 
     </span>
    </p>
   </div>
   <div class='ocr_carea' id='block_1_6' title="bbox 105 1188 1060 1614">
    <p class='ocr_par' dir='ltr' id='par_1_7' title="bbox 105 1188 1060 1358">
     <span class='ocr_line' id='line_1_11' title="bbox 152 1188 1060 1272; baseline 0 -17"><span class='ocrx_word' id='word_1_58' title='bbox 152 1191 221 1256; x_wconf 84' lang='lat' dir='ltr'><strong>Rex</strong></span> <span class='ocrx_word' id='word_1_59' title='bbox 234 1212 332 1254; x_wconf 88' lang='lat' dir='ltr'><strong>novus</strong></span> <span class='ocrx_word' id='word_1_60' title='bbox 353 1189 431 1254; x_wconf 89' lang='lat' dir='ltr'><strong>solio</strong></span> <span class='ocrx_word' id='word_1_61' title='bbox 445 1189 561 1272; x_wconf 86' lang='lat' dir='ltr'><strong>potitus</strong></span> <span class='ocrx_word' id='word_1_62' title='bbox 582 1201 639 1266; x_wconf 88' lang='lat' dir='ltr'><strong>est,</strong></span> <span class='ocrx_word' id='word_1_63' title='bbox 662 1189 720 1271; x_wconf 89' lang='lat' dir='ltr'><strong>qui</strong></span> <span class='ocrx_word' id='word_1_64' title='bbox 737 1188 907 1272; x_wconf 83' lang='lat' dir='ltr'><strong>losephum</strong></span> <span class='ocrx_word' id='word_1_65' title='bbox 931 1212 995 1254; x_wconf 88' lang='lat' dir='ltr'><strong>non</strong></span> <span class='ocrx_word' id='word_1_66' title='bbox 1016 1191 1060 1254; x_wconf 86' lang='lat' dir='ltr'><strong>vi·</strong></span> 
     </span>
     <span class='ocr_line' id='line_1_12' title="bbox 105 1274 729 1358; baseline -0.002 -19"><span class='ocrx_word' id='word_1_67' title='bbox 105 1277 206 1352; x_wconf 87' lang='lat' dir='ltr'><strong>derat,</strong></span> <span class='ocrx_word' id='word_1_68' title='bbox 220 1296 279 1338; x_wconf 91' lang='lat' dir='ltr'><strong>nec</strong></span> <span class='ocrx_word' id='word_1_69' title='bbox 294 1274 405 1338; x_wconf 88' lang='lat' dir='ltr'><strong>merita</strong></span> <span class='ocrx_word' id='word_1_70' title='bbox 417 1275 485 1358; x_wconf 85' lang='lat' dir='ltr'><strong>ejus</strong></span> <span class='ocrx_word' id='word_1_71' title='bbox 500 1275 729 1338; x_wconf 82' lang='lat' dir='ltr'><strong>recordabatur.</strong></span> 
     </span>
    </p>

    <p class='ocr_par' dir='ltr' id='par_1_8' title="bbox 105 1359 1060 1614">
     <span class='ocr_line' id='line_1_13' title="bbox 152 1359 1060 1444; baseline 0.001 -21"><span class='ocrx_word' id='word_1_72' title='bbox 152 1361 184 1423; x_wconf 92' lang='lat' dir='ltr'><strong>Is</strong></span> <span class='ocrx_word' id='word_1_73' title='bbox 198 1359 301 1444; x_wconf 81' lang='lat' dir='ltr'><strong>igitur,</strong></span> <span class='ocrx_word' id='word_1_74' title='bbox 315 1370 351 1424; x_wconf 86' lang='lat' dir='ltr'><strong>ut</strong></span> <span class='ocrx_word' id='word_1_75' title='bbox 363 1359 516 1423; x_wconf 81' lang='lat' dir='ltr'><strong>Hebraeos</strong></span> <span class='ocrx_word' id='word_1_76' title='bbox 530 1360 728 1442; x_wconf 88' lang='lat' dir='ltr'><strong>opprimeret,</strong></span> <span class='ocrx_word' id='word_1_77' title='bbox 747 1360 878 1443; x_wconf 80' lang='lat' dir='ltr'><strong>primiun</strong></span> <span class='ocrx_word' id='word_1_78' title='bbox 891 1359 976 1424; x_wconf 88' lang='lat' dir='ltr'><strong>duris</strong></span> <span class='ocrx_word' id='word_1_79' title='bbox 990 1359 1060 1424; x_wconf 84' lang='lat' dir='ltr'><strong>illos</strong></span> 
     </span>
     <span class='ocr_line' id='line_1_14' title="bbox 107 1443 1060 1528; baseline 0 -20"><span class='ocrx_word' id='word_1_80' title='bbox 107 1443 267 1509; x_wconf 83' lang='lat' dir='ltr'><strong>laboribus</strong></span> <span class='ocrx_word' id='word_1_81' title='bbox 289 1443 498 1522; x_wconf 88' lang='lat' dir='ltr'><strong>conficiebat;</strong></span> <span class='ocrx_word' id='word_1_82' title='bbox 518 1443 631 1508; x_wconf 91' lang='lat' dir='ltr'><strong>deinde</strong></span> <span class='ocrx_word' id='word_1_83' title='bbox 655 1444 752 1508; x_wconf 80' lang='lat' dir='ltr'><strong>edixit</strong></span> <span class='ocrx_word' id='word_1_84' title='bbox 772 1445 867 1508; x_wconf 85' lang='lat' dir='ltr'><strong>etiam</strong></span> <span class='ocrx_word' id='word_1_85' title='bbox 887 1455 922 1510; x_wconf 88' lang='lat' dir='ltr'><strong>ut</strong></span> <span class='ocrx_word' id='word_1_86' title='bbox 941 1444 1060 1528; x_wconf 86' lang='lat' dir='ltr'><strong>purvuli</strong></span> 
     </span>
     <span class='ocr_line' id='line_1_15' title="bbox 105 1527 844 1614; baseline -0.004 -21"><span class='ocrx_word' id='word_1_87' title='bbox 105 1551 217 1594; x_wconf 89' lang='lat' dir='ltr'><strong>eorum</strong></span> <span class='ocrx_word' id='word_1_88' title='bbox 231 1549 340 1592; x_wconf 86' lang='lat' dir='ltr'><strong>recens</strong></span> <span class='ocrx_word' id='word_1_89' title='bbox 353 1527 418 1592; x_wconf 87' lang='lat' dir='ltr'><strong>nati</strong></span> <span class='ocrx_word' id='word_1_90' title='bbox 433 1527 465 1592; x_wconf 91' lang='lat' dir='ltr'><strong>in</strong></span> <span class='ocrx_word' id='word_1_91' title='bbox 480 1527 595 1592; x_wconf 89' lang='lat' dir='ltr'><strong>flumen</strong></span> <span class='ocrx_word' id='word_1_92' title='bbox 610 1527 844 1614; x_wconf 86' lang='lat' dir='ltr'><strong>projicerentur.</strong></span> 
     </span>
    </p>
   </div>
   <div class='ocr_carea' id='block_1_7' title="bbox 560 1653 610 1711">
    <p class='ocr_par' dir='ltr' id='par_1_9' title="bbox 560 1653 610 1711">
     <span class='ocr_line' id='line_1_16' title="bbox 560 1653 610 1711; baseline -0.02 0"><span class='ocrx_word' id='word_1_93' title='bbox 560 1653 610 1711; x_wconf 90' lang='lat'><strong>81.</strong></span> 
     </span>
    </p>
   </div>
   <div class='ocr_carea' id='block_1_8' title="bbox 105 1753 1062 2516">
    <p class='ocr_par' dir='ltr' id='par_1_10' title="bbox 108 1753 1062 1917">
     <span class='ocr_line' id='line_1_17' title="bbox 151 1753 1062 1839; baseline 0.002 -21"><span class='ocrx_word' id='word_1_94' title='bbox 151 1753 267 1819; x_wconf 89' lang='lat' dir='ltr'><strong>Mulier</strong></span> <span class='ocrx_word' id='word_1_95' title='bbox 280 1755 420 1819; x_wconf 84' lang='lat' dir='ltr'><strong>Hebraea</strong></span> <span class='ocrx_word' id='word_1_96' title='bbox 432 1755 558 1839; x_wconf 84' lang='lat' dir='ltr'><strong>peperit</strong></span> <span class='ocrx_word' id='word_1_97' title='bbox 577 1753 685 1832; x_wconf 91' lang='lat' dir='ltr'><strong>filium,</strong></span> <span class='ocrx_word' id='word_1_98' title='bbox 707 1775 922 1839; x_wconf 72' lang='lat' dir='ltr'><strong>quemquam</strong></span> <span class='ocrx_word' id='word_1_99' title='bbox 943 1755 1062 1820; x_wconf 88' lang='lat' dir='ltr'><strong>videret</strong></span> 
     </span>
     <span class='ocr_line' id='line_1_18' title="bbox 108 1839 552 1917; baseline -0.002 -14"><span class='ocrx_word' id='word_1_100' title='bbox 108 1839 158 1903; x_wconf 88' lang='lat' dir='ltr'><strong>ele</strong></span> <span class='ocrx_word' id='word_1_101' title='bbox 183 1851 296 1917; x_wconf 88' lang='lat' dir='ltr'><strong>antem,</strong></span> <span class='ocrx_word' id='word_1_102' title='bbox 310 1839 407 1904; x_wconf 91' lang='lat' dir='ltr'><strong>voluit</strong></span> <span class='ocrx_word' id='word_1_103' title='bbox 422 1861 552 1906; x_wconf 82' lang='lat' dir='ltr'><strong>servare.</strong></span> 
     </span>
    </p>

    <p class='ocr_par' dir='ltr' id='par_1_11' title="bbox 109 1861 1062 2178">
     <span class='ocr_line' id='line_1_19' title="bbox 153 1861 1061 2007; baseline 0.002 -21"><span class='ocrx_word' id='word_1_104' title='bbox 153 1861 260 1993; x_wconf 54' lang='lat' dir='ltr'><strong>{aare</strong></span> <span class='ocrx_word' id='word_1_105' title='bbox 290 1923 454 1988; x_wconf 82' lang='lat' dir='ltr'><strong>abscondit</strong></span> <span class='ocrx_word' id='word_1_106' title='bbox 481 1946 553 1988; x_wconf 89' lang='lat' dir='ltr'><strong>eum</strong></span> <span class='ocrx_word' id='word_1_107' title='bbox 577 1923 674 1988; x_wconf 89' lang='lat' dir='ltr'><strong>tribus</strong></span> <span class='ocrx_word' id='word_1_108' title='bbox 695 1925 863 2002; x_wconf 64' lang='lat' dir='ltr'><strong>mensibus</strong></span> <span class='ocrx_word' id='word_1_109' title='bbox 886 1925 941 1988; x_wconf 90' lang='lat' dir='ltr'><strong>sed</strong></span> <span class='ocrx_word' id='word_1_110' title='bbox 966 1946 1061 2007; x_wconf 91' lang='lat' dir='ltr'><strong>quum</strong></span> 
     </span>
     <span class='ocr_line' id='line_1_20' title="bbox 109 2009 1062 2093; baseline 0.005 -22"><span class='ocrx_word' id='word_1_111' title='bbox 109 2029 174 2071; x_wconf 89' lang='lat' dir='ltr'><strong>non</strong></span> <span class='ocrx_word' id='word_1_112' title='bbox 202 2020 306 2093; x_wconf 89' lang='lat' dir='ltr'><strong>posset</strong></span> <span class='ocrx_word' id='word_1_113' title='bbox 327 2030 399 2073; x_wconf 89' lang='lat' dir='ltr'><strong>eum</strong></span> <span class='ocrx_word' id='word_1_114' title='bbox 419 2009 534 2072; x_wconf 89' lang='lat' dir='ltr'><strong>diutius</strong></span> <span class='ocrx_word' id='word_1_115' title='bbox 569 2009 737 2086; x_wconf 84' lang='lat' dir='ltr'><strong>occultare,</strong></span> <span class='ocrx_word' id='word_1_116' title='bbox 759 2011 888 2093; x_wconf 88' lang='lat' dir='ltr'><strong>sumpsit</strong></span> <span class='ocrx_word' id='word_1_117' title='bbox 910 2009 1062 2076; x_wconf 83' lang='lat' dir='ltr'><strong>fiscellam</strong></span> 
     </span>
     <span class='ocr_line' id='line_1_21' title="bbox 109 2093 806 2178; baseline 0 -22"><span class='ocrx_word' id='word_1_118' title='bbox 109 2093 272 2176; x_wconf 83' lang='lat' dir='ltr'><strong>scirpeam,</strong></span> <span class='ocrx_word' id='word_1_119' title='bbox 287 2114 380 2176; x_wconf 89' lang='lat' dir='ltr'><strong>quarn</strong></span> <span class='ocrx_word' id='word_1_120' title='bbox 395 2093 493 2156; x_wconf 91' lang='lat' dir='ltr'><strong>linivit</strong></span> <span class='ocrx_word' id='word_1_121' title='bbox 507 2093 656 2158; x_wconf 87' lang='lat' dir='ltr'><strong>bitumine</strong></span> <span class='ocrx_word' id='word_1_122' title='bbox 672 2114 710 2156; x_wconf 89' lang='lat' dir='ltr'><strong>ac</strong></span> <span class='ocrx_word' id='word_1_123' title='bbox 725 2094 806 2178; x_wconf 88' lang='lat' dir='ltr'><strong>pice.</strong></span> 
     </span>
    </p>

    <p class='ocr_par' dir='ltr' id='par_1_12' title="bbox 112 2175 1061 2345">
     <span class='ocr_line' id='line_1_22' title="bbox 152 2175 1061 2264; baseline 0.002 -22"><span class='ocrx_word' id='word_1_124' title='bbox 152 2175 274 2242; x_wconf 92' lang='lat' dir='ltr'><strong>Deinde</strong></span> <span class='ocrx_word' id='word_1_125' title='bbox 297 2177 400 2259; x_wconf 89' lang='lat' dir='ltr'><strong>posuit</strong></span> <span class='ocrx_word' id='word_1_126' title='bbox 421 2177 503 2241; x_wconf 89' lang='lat' dir='ltr'><strong>intus</strong></span> <span class='ocrx_word' id='word_1_127' title='bbox 532 2177 725 2256; x_wconf 84' lang='lat' dir='ltr'><strong>infantulum,</strong></span> <span class='ocrx_word' id='word_1_128' title='bbox 755 2189 788 2243; x_wconf 92' lang='lat' dir='ltr'><strong>et</strong></span> <span class='ocrx_word' id='word_1_129' title='bbox 816 2178 958 2264; x_wconf 84' lang='lat' dir='ltr'><strong>exposuit</strong></span> <span class='ocrx_word' id='word_1_130' title='bbox 990 2199 1061 2244; x_wconf 89' lang='lat' dir='ltr'><strong>eum</strong></span> 
     </span>
     <span class='ocr_line' id='line_1_23' title="bbox 112 2261 619 2345; baseline 0 -21"><span class='ocrx_word' id='word_1_131' title='bbox 112 2261 192 2325; x_wconf 90' lang='lat' dir='ltr'><strong>inter</strong></span> <span class='ocrx_word' id='word_1_132' title='bbox 207 2263 371 2325; x_wconf 89' lang='lat' dir='ltr'><strong>arundines</strong></span> <span class='ocrx_word' id='word_1_133' title='bbox 385 2263 461 2345; x_wconf 83' lang='lat' dir='ltr'><strong>ripae</strong></span> <span class='ocrx_word' id='word_1_134' title='bbox 476 2262 619 2326; x_wconf 90' lang='lat' dir='ltr'><strong>fluminis.</strong></span> 
     </span>
    </p>

    <p class='ocr_par' dir='ltr' id='par_1_13' title="bbox 105 2346 1062 2516">
     <span class='ocr_line' id='line_1_24' title="bbox 153 2346 1062 2432; baseline 0.007 -24"><span class='ocrx_word' id='word_1_135' title='bbox 153 2346 302 2410; x_wconf 85' lang='lat' dir='ltr'><strong>Habebat</strong></span> <span class='ocrx_word' id='word_1_136' title='bbox 316 2367 422 2410; x_wconf 88' lang='lat' dir='ltr'><strong>secum</strong></span> <span class='ocrx_word' id='word_1_137' title='bbox 436 2367 529 2410; x_wconf 90' lang='lat' dir='ltr'><strong>unam</strong></span> <span class='ocrx_word' id='word_1_138' title='bbox 547 2348 693 2412; x_wconf 90' lang='lat' dir='ltr'><strong>comitem</strong></span> <span class='ocrx_word' id='word_1_139' title='bbox 708 2369 843 2412; x_wconf 87' lang='lat' dir='ltr'><strong>sororem</strong></span> <span class='ocrx_word' id='word_1_140' title='bbox 857 2349 954 2432; x_wconf 90' lang='lat' dir='ltr'><strong>pueri,</strong></span> <span class='ocrx_word' id='word_1_141' title='bbox 969 2369 1062 2431; x_wconf 89' lang='lat' dir='ltr'><strong>quam</strong></span> 
     </span>
     <span class='ocr_line' id='line_1_25' title="bbox 105 2431 890 2516; baseline 0.004 -20"><span class='ocrx_word' id='word_1_142' title='bbox 105 2431 198 2516; x_wconf 81' lang='lat' dir='ltr'><strong>jussit</strong></span> <span class='ocrx_word' id='word_1_143' title='bbox 211 2441 291 2496; x_wconf 86' lang='lat' dir='ltr'><strong>stare</strong></span> <span class='ocrx_word' id='word_1_144' title='bbox 307 2431 425 2515; x_wconf 89' lang='lat' dir='ltr'><strong>procul,</strong></span> <span class='ocrx_word' id='word_1_145' title='bbox 439 2443 474 2495; x_wconf 91' lang='lat' dir='ltr'><strong>ut</strong></span> <span class='ocrx_word' id='word_1_146' title='bbox 487 2444 632 2496; x_wconf 86' lang='lat' dir='ltr'><strong>eventmn</strong></span> <span class='ocrx_word' id='word_1_147' title='bbox 646 2431 690 2498; x_wconf 92' lang='lat' dir='ltr'><strong>rei</strong></span> <span class='ocrx_word' id='word_1_148' title='bbox 705 2434 890 2516; x_wconf 83' lang='lat' dir='ltr'><strong>exploraret.</strong></span> 
     </span>
    </p>
   </div>
   <div class='ocr_carea' id='block_1_9' title="bbox 109 2661 1065 3506">
    <p class='ocr_par' dir='ltr' id='par_1_14' title="bbox 109 2661 1063 2914">
     <span class='ocr_line' id='line_1_26' title="bbox 110 2661 1063 2740; baseline 0.002 -14"><span class='ocrx_word' id='word_1_149' title='bbox 110 2731 114 2738; x_wconf 70' lang='grc'><em>,</em></span> <span class='ocrx_word' id='word_1_150' title='bbox 153 2661 230 2726; x_wconf 86' lang='lat' dir='ltr'><strong>Mox</strong></span> <span class='ocrx_word' id='word_1_151' title='bbox 251 2661 313 2726; x_wconf 86' lang='lat' dir='ltr'><strong>filia</strong></span> <span class='ocrx_word' id='word_1_152' title='bbox 338 2661 505 2729; x_wconf 80' lang='lat' dir='ltr'><strong>Pharaonis</strong></span> <span class='ocrx_word' id='word_1_153' title='bbox 526 2662 610 2727; x_wconf 88' lang='lat' dir='ltr'><strong>venit</strong></span> <span class='ocrx_word' id='word_1_154' title='bbox 641 2661 682 2726; x_wconf 86' lang='lat' dir='ltr'><strong>ad</strong></span> <span class='ocrx_word' id='word_1_155' title='bbox 714 2662 839 2740; x_wconf 88' lang='lat' dir='ltr'><strong>flumen,</strong></span> <span class='ocrx_word' id='word_1_156' title='bbox 863 2673 899 2726; x_wconf 92' lang='lat' dir='ltr'><strong>ut</strong></span> <span class='ocrx_word' id='word_1_157' title='bbox 922 2663 1063 2728; x_wconf 89' lang='lat' dir='ltr'><strong>ablueret</strong></span> 
     </span>
     <span class='ocr_line' id='line_1_27' title="bbox 109 2747 1063 2830; baseline 0.004 -20"><span class='ocrx_word' id='word_1_158' title='bbox 109 2769 233 2830; x_wconf 87' lang='lat' dir='ltr'><strong>corpus.</strong></span> <span class='ocrx_word' id='word_1_159' title='bbox 292 2747 452 2828; x_wconf 81' lang='lat' dir='ltr'><strong>Prospexit</strong></span> <span class='ocrx_word' id='word_1_160' title='bbox 479 2747 628 2810; x_wconf 89' lang='lat' dir='ltr'><strong>fiscellam</strong></span> <span class='ocrx_word' id='word_1_161' title='bbox 660 2747 692 2810; x_wconf 91' lang='lat' dir='ltr'><strong>in</strong></span> <span class='ocrx_word' id='word_1_162' title='bbox 721 2747 922 2811; x_wconf 83' lang='lat' dir='ltr'><strong>arundinibus</strong></span> <span class='ocrx_word' id='word_1_163' title='bbox 943 2748 1063 2814; x_wconf 85' lang='lat' dir='ltr'><strong>haeren·</strong></span> 
     </span>
     <span class='ocr_line' id='line_1_28' title="bbox 111 2829 847 2914; baseline 0 -20"><span class='ocrx_word' id='word_1_164' title='bbox 111 2843 185 2907; x_wconf 89' lang='lat' dir='ltr'><strong>tem,</strong></span> <span class='ocrx_word' id='word_1_165' title='bbox 199 2831 342 2914; x_wconf 81' lang='lat' dir='ltr'><strong>misitque</strong></span> <span class='ocrx_word' id='word_1_166' title='bbox 357 2829 431 2894; x_wconf 90' lang='lat' dir='ltr'><strong>illuc</strong></span> <span class='ocrx_word' id='word_1_167' title='bbox 447 2851 540 2896; x_wconf 88' lang='lat' dir='ltr'><strong>unam</strong></span> <span class='ocrx_word' id='word_1_168' title='bbox 554 2853 572 2896; x_wconf 89' lang='lat' dir='ltr'><strong>e</strong></span> <span class='ocrx_word' id='word_1_169' title='bbox 587 2830 761 2894; x_wconf 84' lang='lat' dir='ltr'><strong>famulabus</strong></span> <span class='ocrx_word' id='word_1_170' title='bbox 775 2831 847 2894; x_wconf 88' lang='lat' dir='ltr'><strong>suis.</strong></span> 
     </span>
    </p>

    <p class='ocr_par' dir='ltr' id='par_1_15' title="bbox 109 2914 1051 3148">
     <span class='ocr_line' id='line_1_29' title="bbox 155 2914 1051 3012; baseline 0.001 -34"><span class='ocrx_word' id='word_1_171' title='bbox 155 2915 272 2998; x_wconf 68' lang='lat' dir='ltr'><strong>Aperta</strong></span> <span class='ocrx_word' id='word_1_172' title='bbox 292 2914 411 2979; x_wconf 63' lang='lat' dir='ltr'><strong>fiscellis</strong></span> <span class='ocrx_word' id='word_1_173' title='bbox 425 2935 556 2980; x_wconf 90' lang='lat' dir='ltr'><strong>cernens</strong></span> <span class='ocrx_word' id='word_1_174' title='bbox 578 2915 737 2999; x_wconf 90' lang='lat' dir='ltr'><strong>parvulum</strong></span> <span class='ocrx_word' id='word_1_175' title='bbox 758 2915 945 3012; x_wconf 75' lang='lat' dir='ltr'><strong>vagientem,</strong></span> <span class='ocrx_word' id='word_1_176' title='bbox 958 2915 1051 2980; x_wconf 88' lang='lat' dir='ltr'><strong>miser</strong></span> 
     </span>
     <span class='ocr_line' id='line_1_30' title="bbox 109 2999 1050 3148; baseline 0.002 -86"><span class='ocrx_word' id='word_1_177' title='bbox 109 3012 145 3148; x_wconf 62' lang='lat' dir='ltr'><strong>pp</strong></span> <span class='ocrx_word' id='word_1_178' title='bbox 165 3010 213 3064; x_wconf 89' lang='lat' dir='ltr'><strong>est</strong></span> <span class='ocrx_word' id='word_1_179' title='bbox 234 2999 336 3064; x_wconf 73' lang='lat' dir='ltr'><strong>illiusr</strong></span> <span class='ocrx_word' id='word_1_180' title='bbox 356 3000 414 3066; x_wconf 88' lang='lat' dir='ltr'><strong>iste</strong></span> <span class='ocrx_word' id='word_1_181' title='bbox 436 3011 494 3078; x_wconf 84' lang='lat' dir='ltr'><strong>est,</strong></span> <span class='ocrx_word' id='word_1_182' title='bbox 516 2999 624 3082; x_wconf 83' lang='lat' dir='ltr'><strong>inquit,</strong></span> <span class='ocrx_word' id='word_1_183' title='bbox 646 3021 726 3064; x_wconf 90' lang='lat' dir='ltr'><strong>unus</strong></span> <span class='ocrx_word' id='word_1_184' title='bbox 747 3021 787 3064; x_wconf 87' lang='lat' dir='ltr'><strong>ex</strong></span> <span class='ocrx_word' id='word_1_185' title='bbox 807 2999 978 3067; x_wconf 84' lang='lat' dir='ltr'><strong>infantibus</strong></span> <span class='ocrx_word' id='word_1_186' title='bbox 998 2999 1050 3066; x_wconf 90' lang='lat' dir='ltr'><strong>He</strong></span> 
     </span>
    </p>

    <p class='ocr_par' dir='ltr' id='par_1_16' title="bbox 134 3105 277 3147">
     <span class='ocr_line' id='line_1_31' title="bbox 134 3105 277 3147; baseline -0.007 0"><span class='ocrx_word' id='word_1_187' title='bbox 134 3105 277 3147; x_wconf 69' lang='lat' dir='ltr'><strong>rasorum.</strong></span> 
     </span>
    </p>

    <p class='ocr_par' dir='ltr' id='par_1_17' title="bbox 109 3169 1065 3506">
     <span class='ocr_line' id='line_1_32' title="bbox 153 3169 1065 3254; baseline 0.004 -22"><span class='ocrx_word' id='word_1_188' title='bbox 153 3169 246 3233; x_wconf 90' lang='lat' dir='ltr'><strong>Tunc</strong></span> <span class='ocrx_word' id='word_1_189' title='bbox 261 3191 344 3233; x_wconf 91' lang='lat' dir='ltr'><strong>soror</strong></span> <span class='ocrx_word' id='word_1_190' title='bbox 366 3170 454 3254; x_wconf 90' lang='lat' dir='ltr'><strong>pueri</strong></span> <span class='ocrx_word' id='word_1_191' title='bbox 479 3171 650 3236; x_wconf 87' lang='lat' dir='ltr'><strong>accedens:</strong></span> <span class='ocrx_word' id='word_1_192' title='bbox 671 3170 780 3248; x_wconf 89' lang='lat' dir='ltr'><strong>vis-ne,</strong></span> <span class='ocrx_word' id='word_1_193' title='bbox 795 3171 848 3249; x_wconf 91' lang='lat' dir='ltr'><strong>ait,</strong></span> <span class='ocrx_word' id='word_1_194' title='bbox 862 3181 897 3233; x_wconf 92' lang='lat' dir='ltr'><strong>ut</strong></span> <span class='ocrx_word' id='word_1_195' title='bbox 912 3191 1065 3236; x_wconf 79' lang='lat' dir='ltr'><strong>arcessam</strong></span> 
     </span>
     <span class='ocr_line' id='line_1_33' title="bbox 109 3253 1065 3338; baseline 0 -20"><span class='ocrx_word' id='word_1_196' title='bbox 109 3253 273 3318; x_wconf 88' lang='lat' dir='ltr'><strong>mulierem</strong></span> <span class='ocrx_word' id='word_1_197' title='bbox 293 3255 472 3334; x_wconf 85' lang='lat' dir='ltr'><strong>Hebraeam,</strong></span> <span class='ocrx_word' id='word_1_198' title='bbox 486 3277 557 3338; x_wconf 79' lang='lat' dir='ltr'><strong>quoe</strong></span> <span class='ocrx_word' id='word_1_199' title='bbox 581 3256 697 3320; x_wconf 87' lang='lat' dir='ltr'><strong>nutriat</strong></span> <span class='ocrx_word' id='word_1_200' title='bbox 720 3256 905 3338; x_wconf 89' lang='lat' dir='ltr'><strong>parvulum?</strong></span> <span class='ocrx_word' id='word_1_201' title='bbox 926 3265 1065 3318; x_wconf 86' lang='lat' dir='ltr'><strong>etvoca-</strong></span> 
     </span>
     <span class='ocr_line' id='line_1_34' title="bbox 110 3339 1064 3425; baseline 0 -23"><span class='ocrx_word' id='word_1_202' title='bbox 110 3339 155 3404; x_wconf 90' lang='lat' dir='ltr'><strong>vit</strong></span> <span class='ocrx_word' id='word_1_203' title='bbox 167 3347 297 3404; x_wconf 86' lang='lat' dir='ltr'><strong>matrem</strong></span> <span class='ocrx_word' id='word_1_204' title='bbox 307 3363 327 3420; x_wconf 83' lang='lat'><strong>3·</strong></span> <span class='ocrx_word' id='word_1_205' title='bbox 338 3339 391 3404; x_wconf 89' lang='lat' dir='ltr'><strong>cui</strong></span> <span class='ocrx_word' id='word_1_206' title='bbox 405 3340 470 3404; x_wconf 79' lang='lat' dir='ltr'><strong>filia</strong></span> <span class='ocrx_word' id='word_1_207' title='bbox 482 3339 651 3406; x_wconf 82' lang='lat' dir='ltr'><strong>Pharaonis</strong></span> <span class='ocrx_word' id='word_1_208' title='bbox 665 3359 795 3425; x_wconf 89' lang='lat' dir='ltr'><strong>puerum</strong></span> <span class='ocrx_word' id='word_1_209' title='bbox 809 3339 955 3404; x_wconf 88' lang='lat' dir='ltr'><strong>alendum</strong></span> <span class='ocrx_word' id='word_1_210' title='bbox 967 3340 1064 3418; x_wconf 87' lang='lat' dir='ltr'><strong>dedit,</strong></span> 
     </span>
     <span class='ocr_line' id='line_1_35' title="bbox 110 3423 430 3506; baseline 0.006 -20"><span class='ocrx_word' id='word_1_211' title='bbox 110 3423 430 3506; x_wconf 70' lang='lat' dir='ltr'><strong>promisstmercede</strong></span> 
     </span>
    </p>
   </div>
   <div class='ocr_carea' id='block_1_10' title="bbox 132 3508 1065 3658">
    <p class='ocr_par' dir='ltr' id='par_1_18' title="bbox 132 3508 1065 3658">
     <span class='ocr_line' id='line_1_36' title="bbox 132 3508 1065 3658; baseline -0.002 -87"><span class='ocrx_word' id='word_1_212' title='bbox 132 3509 135 3516; x_wconf 89' lang='lat'>&#39;</span> <span class='ocrx_word' id='word_1_213' title='bbox 154 3508 263 3592; x_wconf 89' lang='lat' dir='ltr'><strong>Itaque</strong></span> <span class='ocrx_word' id='word_1_214' title='bbox 276 3511 529 3658; x_wconf 49' lang='lat' dir='ltr'><strong>materbnutrivit</strong></span> <span class='ocrx_word' id='word_1_215' title='bbox 544 3526 682 3596; x_wconf 86' lang='lat' dir='ltr'><strong>puerum,</strong></span> <span class='ocrx_word' id='word_1_216' title='bbox 707 3521 741 3576; x_wconf 90' lang='lat' dir='ltr'><strong>et</strong></span> <span class='ocrx_word' id='word_1_217' title='bbox 762 3512 901 3577; x_wconf 89' lang='lat' dir='ltr'><strong>adultum</strong></span> <span class='ocrx_word' id='word_1_218' title='bbox 931 3509 1065 3575; x_wconf 87' lang='lat' dir='ltr'><strong>reddidit</strong></span> 
     </span>
    </p>
   </div>
   <div class='ocr_carea' id='block_1_11' title="bbox 0 0 1204 3822">
    <p class='ocr_par' dir='ltr' id='par_1_19' title="bbox 0 0 1204 3822">
     <span class='ocr_line' id='line_1_37' title="bbox 0 0 1204 3822; baseline 0 0"><span class='ocrx_word' id='word_1_219' title='bbox 0 0 1204 3822; x_wconf 95' lang='lat' dir='ltr'><strong> </strong></span> 
     </span>
    </p>
   </div>
  </div>
 </body>
</html>
