2386 3822
583 155 632 226 45

174 333 310 402 Tautdrn
332 338 420 402 abest
441 345 475 400 ut
496 335 586 400 hrrati
607 335 701 398 simus
723 333 872 417 scyphum
885 332 1001 401 domini
1016 333 1079 396 tui:

134 422 217 503 apud
231 443 322 502 quem
336 421 450 487 hirtum
462 419 688 504 deprehensum
702 417 802 496 fuerit,
818 419 844 482 is
867 429 965 484 morte
980 418 1079 482 mulc-

134 515 331 656 teg-mmuh
357 590 517 672 deponunt
552 609 662 652 saccos
692 597 725 652 et
756 585 906 670 aperiunt,
928 607 1004 669 quos
1025 586 1078 651 ille

132 685 286 738 scrutatus
301 675 417 738 invenit
430 673 580 759 scyphum
595 673 626 734 in
641 692 734 734 sacco
749 670 931 756 Benjarnini.

588 801 638 860 67.

176 923 267 986 Tunc
289 923 395 988 iratres
422 923 548 1006 Iosephi
572 943 702 990 moerore
724 922 862 1006 oppressi
890 933 1081 986 revertuntur

135 1006 167 1068 in
181 1007 299 1070 urbem.

177 1092 313 1158 Adducti
335 1093 375 1156 sd
402 1092 582 1175 Josephurn‚
605 1113 673 1158 sese
702 1091 884 1176 abjecerunt
913 1091 953 1154 ed
984 1091 1080 1173 pedes

133 1174 225 1240 illius.
283 1176 408 1248 Quibus
428 1176 506 1242 ille:
540 1178 705 1259 quomodo,
725 1176 835 1260 iuquit,
856 1176 998 1259 potuistis
1019 1175 1079 1240 hoc

134 1258 237 1324 scelus
250 1261 411 1336 admittere
422 1261 435 1325 ?

176 1343 272 1410 dudae
287 1347 465 1428 respondit:
486 1345 601 1410 fateor:
621 1365 670 1410 res
691 1355 741 1411 est
760 1344 944 1425 menifests3
963 1343 1080 1410 nullam

134 1447 294 1510 possumus
316 1430 546 1494 excusationem
567 1429 686 1507 afferre,
707 1451 768 1494 uec
796 1429 945 1497 eudemus
972 1440 1081 1512 petere

134 1512 255 1576 versiam
268 1524 323 1578 aut
335 1535 478 1596 sperare:
500 1535 557 1580 nos
569 1535 676 1578 ornnes
689 1515 802 1583 erimus
816 1513 894 1580 servi
908 1513 963 1579 tui.

175 1595 392 1680 Nequaquam,
414 1598 458 1662 eit
484 1598 656 1681 Iosephusz
690 1599 746 1663 sed
776 1599 839 1676 ille,
871 1598 956 1681 epud
987 1618 1080 1679 quem

133 1679 281 1744 inuentus
301 1692 349 1746 est
370 1682 512 1766 scyphus,
542 1684 601 1746 erit
630 1683 706 1748 mihi
737 1703 861 1748 servusz
896 1703 950 1746 vos
977 1692 1079 1748 eutem

133 1763 218 1832 uhite
232 1765 322 1836 liberi
336 1767 376 1830 ad
389 1777 511 1850 petrem
522 1777 666 1835 vestrum.

584 1911 636 1971 68.

172 2027 267 2095 ‘Tunc
286 2027 382 2094 Judus
395 2027 550 2094 accedens
564 2028 688 2112 propius
702 2029 741 2094 ud
755 2026 945 2110 Iosephum:
967 2037 1000 2095 te
1013 2049 1077 2107 oro,

132 2111 241 2196 inquit,
255 2112 388 2178 Domine
401 2111 455 2188 mi,
469 2122 504 2176 ut
517 2111 600 2178 bonis
614 2133 686 2178 cum
699 2113 789 2178 venii
801 2132 853 2176 me
867 2112 985 2178 audias.

165 2197 265 2292 ,Peter
289 2198 380 2262 unice
395 2196 497 2293 diligis
510 2217 662 2293 puerum}
679 2197 808 2264 nolebat
821 2196 918 2292 pruni>
939 2217 1011 2262 eum
1031 2198 1079 2262 di·

132 2292 252 2344 mittere
264 2306 282 2380 3·
294 2303 356 2344 non
378 2292 465 2364 potui
486 2281 518 2344 rd
540 2280 579 2345 ab
601 2291 901 2430 ⁸⁰.¹¹¹¹P9tfff¹⁶}¹¹g⁵⁸
916 2291 1078 2364 postquam

132 2365 864 2534 ⁸⁹⁰sfi⁰¹sshhhss¹h¹²{dhhzh‘dhhg‘
873 2412 927 2519 he
947 2473 1077 2520 murore

45 2535 49 2544 '
132 2532 293 2596 confectus
306 2535 462 2599 morietur.
537 2597 541 2604 .

174 2617 221 2680 Te
236 2639 291 2681 oro
305 2629 397 2700 atque
418 2618 549 2682 obsecro
563 2629 598 2682 ut
612 2619 693 2682 sinas
713 2639 842 2701 puerum
857 2619 952 2698 abire,
965 2641 1077 2703 meque

131 2723 186 2784 pro
200 2724 239 2766 eo
251 2703 380 2768 addicas
393 2703 425 2770 in
437 2703 634 2772 servitutem:
654 2723 715 2787 ego
737 2719 870 2788 poeuuru
885 2704 947 2786 qud
965 2705 1077 2790 dignus

130 2798 188 2863 est,
200 2785 276 2854 mihi
290 2807 378 2853 sumo
391 2798 425 2856 et
437 2785 602 2855 exsolvam.

601 2911 652 2971 69.

173 3029 296 3094 Interea
316 3029 469 3113 Jcsephus
489 3029 647 3094 continere
669 3049 702 3094 se
716 3030 773 3094 ‘vix
803 3041 948 3115 poterut:
983 3052 1076 3115 quare

128 3114 218 3198 jussit
232 3113 393 3198 AEgyptios
408 3115 564 3178 adstantes
578 3115 736 3178 recedere.

172 3198 255 3262 Turn
282 3199 359 3265 flens
378 3199 455 3268 dixit
474 3200 589 3282 magne
614 3220 711 3264 voce:
733 3221 794 3284 ego
815 3222 883 3270 sum
909 3199 1077 3285 Jossphus3

130 3281 241 3348 vivitne
255 3282 358 3348 adhuc
372 3293 460 3366 puter
473 3285 582 3348 meus?

171 3366 255 3514 Nmi,
266 3377 408 3464 ppterant
431 3369 616 3452 respondere
638 3369 745 3434 fratres
765 3369 833 3454 ejus
852 3369 948 3438 nimio
968 3369 1077 3436 timore

131 3461 235 3534 pertur
256 3462 310 3515 uh.
