2380 3832
557 115 626 186 103

155 291 343 364 Qunmmm
355 293 431 376 quid
443 294 559 377 qadmls
580 295 697 360 monum
718 294 767 374 sit,
780 314 844 360 non
867 295 943 378 quid
965 295 1059 361 urite·

116 376 282 458 tissimum3
301 387 336 442 et
349 379 424 460 quid
437 377 527 456 nobis
541 379 722 444 felicitatem
738 391 919 463 perpetuam
940 379 1060 462 prebe·

115 483 146 526 re
161 463 267 608 pbtzssit,
280 483 345 558 non
358 463 434 544 quid
457 463 560 548 uulgo,
575 465 710 528 veritatis
734 464 867 548 pessimo
890 464 1059 548 interpreti,

115 566 168 630 pro
211 558 277 610 tum
291 557 341 610 srt.
544 607 547 619 ,

153 629 201 695 lta
215 652 321 694 sumus
334 631 509 714 compositi,
523 644 557 697 ut
571 633 663 697 solita
684 645 717 698 et
737 632 926 715 quotidiana,
938 632 1061 698 etiamsi

114 713 314 780 admiratione
338 716 442 798 digna,
461 728 636 798 transeunt3
658 719 775 794 contri,
798 717 991 780 minimarum
1012 737 1059 780 re-

114 819 188 877 rum,
203 799 229 862 si
250 799 374 864 insolita
392 801 514 876 suerint,
538 802 751 884 spectaculum
774 801 868 866 dulce
892 801 947 880 fit;
967 821 1059 866 nemo

115 883 227 962 lunam,
241 883 300 948 nisi
314 884 517 962 laborantem,
531 886 684 949 observat.

333 1027 570 1084 CONTENTUS
599 1027 675 1084 SUA
704 1028 838 1086 SOR'l'll.

153 1097 240 1163 Nilril
262 1108 310 1163 est
331 1099 371 1162 ab
393 1099 476 1164 omni
497 1111 583 1182 parte
598 1099 743 1164 bentmu:
763 1099 862 1179 multi,
882 1099 964 1165 novi
977 1109 1058 1163 sure

113 1185 251 1268 quaesitai,
265 1195 402 1249 veterem
415 1205 516 1248 rursus
530 1195 722 1268 optaverunt.

152 1269 223 1332 Tud
249 1280 332 1334 sorte
361 1267 402 1331 sis
431 1279 615 1333 contentus:
649 1267 788 1332 nonnulli
820 1269 915 1348 lirdre,
946 1270 1009 1352 qui,
1032 1269 1058 1334 si

5 1397 6 1408 κ
111 1354 292 1418 mansissent
305 1353 445 1430 humiles,
459 1354 516 1416 tuti
531 1375 598 1418 esse
614 1365 779 1438 potuerunt
791 1376 799 1418 ι
813 1353 887 1419 facti
901 1355 1057 1433 sublimes,

5 1463 6 1518 3
112 1439 295 1503 cecideruut
308 1437 340 1500 in
354 1438 503 1520 pericula.
595 1475 598 1483 =

153 1524 305 1592 Quotidie
327 1543 384 1586 nos
413 1523 480 1606 ipsa
500 1534 610 1586 natura
641 1523 796 1600 admonet,
820 1523 912 1606 qum
939 1522 1056 1606 paucis,

110 1609 201 1692 quim
215 1609 317 1691 parvis
330 1609 422 1672 rebus
436 1618 538 1692 egeat,
553 1609 644 1690 quiun
659 1608 779 1674 vilibus.

151 1693 186 1757 Si
208 1693 260 1757 cui
281 1712 420 1757 sunnon
447 1693 520 1756 setis
549 1692 653 1776 ernpls
681 1694 831 1770 videntur,
861 1691 936 1757 licet
964 1691 1057 1756 totius

5 1797 6 1804 ¹
108 1777 218 1842 mundi
239 1779 382 1842 dominus
403 1776 452 1856 sit,
475 1777 655 1842 miserest:
685 1777 711 1841 si
741 1778 781 1842 ad
810 1789 950 1842 naturam
971 1776 1055 1855 vivis,

106 1883 267 1948 nunquam
279 1863 339 1928 eris
353 1881 480 1946 pauper,
494 1863 525 1937 si,
535 1862 575 1926 ad
590 1862 778 1946 opinionem,
791 1883 949 1947 nunquam
959 1861 1053 1926 dives.

150 2076 279 2139 Summa
292 2074 422 2139 scientia
436 2084 485 2137 est
497 2074 571 2139 vitia
585 2075 773 2158 virtutesque
787 2075 988 2162 distinguere.

149 2161 326 2224 Videndum
335 2170 383 2223 est
396 2158 561 2242 diligenter
575 2160 615 2222 ad
635 2181 705 2242 quae
720 2160 794 2223 vitia
814 2161 908 2224 simus
922 2179 1054 2244 propen-

105 2243 152 2308 si:
174 2244 226 2307 alii
240 2245 323 2308 euim
337 2243 375 2307 ad
390 2243 452 2306 alia
465 2243 662 2326 procliviores
676 2245 812 2307 sumus*

149 2327 232 2398 Quis
245 2350 308 2392 non
329 2338 442 2412 peccat
462 2327 494 2390 in
517 2327 586 2406 vita,
600 2339 633 2392 et
654 2329 777 2392 delictis
798 2327 891 2392 nullis
912 2327 1053 2392 tenetur?

102 2413 240 2497 optimus
271 2411 323 2476 ille
345 2423 401 2490 est,
425 2411 562 2495 quinon
589 2413 687 2496 solum
715 2412 858 2491 minimis,
883 2411 938 2478 red
959 2412 1054 2478 etiarn

102 2497 298 2582 paucissimis
313 2507 448 2582 urgetur.

146 2582 232 2646 Vitia
244 2592 357 2658 nostre,
372 2581 445 2662 quia
459 2603 606 2660 amamus,
620 2582 823 2660 defendimus,
837 2591 871 2647 et
894 2602 932 2648 ea
956 2581 1053 2660 malu-

101 2687 173 2730 mus
187 2688 334 2730 excusare
350 2667 441 2747 qudm
455 2679 610 2732 excutere.

144 2751 356 2816 Perniciosum
378 2761 427 2813 est
449 2751 529 2816 vitiis
556 2753 689 2817 servire:
711 2753 785 2837 quia
806 2761 883 2834 quot
903 2751 977 2818 vitia
998 2751 1052 2817 ha-

99 2834 157 2900 bet
172 2836 284 2912 anima,
300 2844 346 2899 tot
360 2845 392 2898 et
405 2835 556 2900 dominos.

141 2919 247 3005 Magis
260 2930 376 2984 nocent
389 2919 463 2984 vitia
476 2941 546 3003 quse
561 2919 634 2988 boni
649 2929 833 3005 praetextum
846 2919 973 2987 habeut.

141 3061 215 3126 Cito
242 3061 382 3144 nequitia
401 3059 533 3146 obrepit,
561 3063 654 3128 virtus
682 3061 816 3128 difficilis
837 3063 964 3128 inventu
984 3073 1051 3144 est3

94 3158 264 3223 rectorem,
279 3145 453 3228 ducemque
476 3145 640 3212 desiderat.
684 3148 739 3211 Vlr
761 3147 861 3212 malus
883 3148 951 3230 plus
975 3148 1049 3212 mali

93 3232 217 3316 patitur
231 3231 364 3296 afflictus
377 3231 578 3308 conscientie,
593 3233 684 3315 qudm
707 3231 760 3296 ille
784 3231 837 3315 qui
861 3231 895 3295 in
920 3252 1048 3316 corpore

91 3317 274 3404 castigatur
287 3326 320 3380 et
334 3315 437 3400 flagris
451 3315 592 3380 caeditur.

159 3455 175 3482 ⁴*
186 3452 239 3502 ulit
249 3451 322 3513 enim,
332 3451 520 3514 &ptinerent
531 3467 589 3504 mea
599 3468 641 3503 ere
653 3468 729 3518 prone
739 3458 768 3504 to
780 3451 894 3504 different
902 3453 977 3505 vicen.
