2386 3822
602 189 649 261 27

195 371 278 434 Deus
292 369 369 434 dixit
383 370 520 434 homini:
539 380 626 434 utere
640 367 789 441 fructibus
803 369 940 432 omnium
954 368 1095 432 arborum

152 455 295 537 paradisi,
309 466 420 536 praeter
440 453 572 518 fructum
582 453 697 517 arboris
710 452 847 516 scientim
861 451 937 516 boni
957 461 990 516 et
1002 453 1096 532 meli3

154 559 226 602 nam
240 539 265 601 si
280 537 425 601 comedas
439 537 525 602 illurn
539 538 681 613 sumtum,
694 535 841 600 morieris.
868 574 873 595 .

612 656 643 712 4.

197 755 340 836 Serpens,
369 754 422 834 qui
453 763 518 816 erat
542 751 772 817 callidissimum
799 753 934 816 omnium
959 752 1096 815 animan·

151 839 241 914 tium,
257 838 333 900 dixit
352 837 493 901 mulieri:
527 857 583 899 eur
612 857 675 900 uon
696 837 834 900 comedis
856 837 989 900 fructum
1009 836 1096 899 istius

153 921 296 984 arboris?

198 1004 311 1067 Mulier
332 997 513 1086 respondit:
534 1003 618 1067 Deus
640 1003 671 1065 id
693 1001 858 1086 prohibuit.
904 1003 938 1066 Si
960 1002 1097 1087 tetigeri-

93 1089 95 1092 ’
153 1109 221 1152 mus
237 1088 331 1172 illum,
346 1089 519 1150 moriemur.

195 1173 331 1248 Minime,
356 1172 455 1252 inquit
475 1191 620 1252 serpeus:
641 1191 703 1233 non
723 1171 914 1252 moriemini3
935 1171 990 1234 sed
1012 1171 1096 1234 eritis

152 1256 268 1319 similes
282 1257 360 1332 Dee,
376 1256 509 1318 scientes
523 1257 638 1317 bonurn
651 1265 683 1316 et
698 1254 821 1318 melum.

195 1339 318 1416 Mulier,
352 1340 486 1420 deceptu
513 1339 559 1400 his
591 1338 701 1415 verbis⁵
722 1337 877 1420 decerpsit
897 1339 1030 1402 fructum
1064 1349 1096 1402 et

152 1422 309 1488 comedit:
329 1423 441 1486 deinde
456 1422 568 1484 obtulit
580 1422 654 1498 viro,
668 1422 721 1504 qui
736 1423 849 1504 pariter
863 1424 1010 1488 comedit.

608 1529 638 1586 5.

197 1629 342 1706 Ademus,
378 1627 499 1712 lugiens
526 1637 728 1710 conspectum
755 1627 824 1706 Dei,
852 1650 885 1694 se
921 1628 1094 1692 abscondit.

152 1713 238 1778 Deus
252 1714 373 1778 vooavit
386 1713 495 1791 illum:
513 1711 642 1788 Adame,
657 1712 789 1774 Adame.

196 1799 260 1872 Qui
274 1795 450 1881 respondit:
473 1795 559 1860 timui
574 1805 776 1878 conspectum
790 1807 886 1875 tuum,
900 1807 933 1861 et
947 1796 1096 1862 abscondi

154 1903 258 2060 medin:
272 1965 371 2094 tipues,
392 1964 491 2046 inquit
513 1963 608 2040 Deus,
623 1963 680 2029 nisi
695 1961 767 2046 quia
788 1965 949 2030 comedisti
964 1966 1096 2034 sructum

155 2060 331 2196 vellllllnmus
352 2130 526 2214 respondit:
553 2129 672 2208 mulier,
696 2151 788 2212 quam
811 2133 923 2196 dedisti
950 2133 1024 2198 milri
1047 2153 1096 2196 so-

153 2217 243 2294 cium,
261 2215 394 2300 porrexit
407 2215 480 2278 milri
496 2214 628 2278 fructum
642 2215 733 2278 istum
748 2226 782 2278 ut
795 2217 929 2282 ederem.

196 2301 345 2364 Dominus
366 2299 444 2362 dixit
466 2299 606 2362 mulieri:
627 2320 682 2362 cur
703 2298 803 2364 fecisti
818 2301 907 2371 hoc?
929 2302 1012 2372 Qum
1035 2322 1096 2364 res·

153 2385 282 2466 pendit:
303 2404 428 2466 serpens
441 2403 491 2448 me
506 2383 640 2466 decepit.

495 2488 496 2491 ’
606 2489 637 2548 6.

197 2589 344 2652 Dominus
370 2588 449 2652 dixit
473 2587 629 2670 serpenti:
661 2588 730 2670 quis
754 2589 905 2673 decepisti
925 2591 1095 2668 mulierem,

151 2673 214 2734 eris
228 2674 351 2736 odiosus
366 2685 398 2736 et
410 2683 571 2736 execratus
592 2671 672 2735 inter
692 2675 795 2736 omnia
816 2675 1004 2755 animantia:
1026 2697 1096 2758 rep·

153 2756 233 2818 tabis
249 2777 339 2838 super
353 2767 473 2837 pectus,
487 2767 520 2819 et
533 2757 677 2818 comedes
692 2766 813 2820 terram.

197 2839 370 2904 Inimicitiae
399 2850 488 2902 erunt
508 2839 587 2902 inter
608 2849 639 2902 te
661 2850 693 2902 et
723 2841 882 2905 mulierem
894 2866 903 2922 3
934 2844 1001 2926 ipsa
1022 2841 1096 2904 olim

153 2934 294 2986 conteret
308 2933 513 3005 caputtuum.
1185 2937 1186 2940 ’

197 3006 281 3068 Dixit
294 3007 386 3069 etiam
400 3005 537 3069 mulieri:
559 3006 690 3070 afficiam
706 3018 735 3071 te
750 3010 853 3074 multis
868 3011 976 3090 malis3
995 3008 1096 3096 paries

154 3089 268 3152 liberos
282 3089 443 3167 indolere,
457 3089 561 3154 eteris
575 3090 607 3153 in
621 3102 773 3174 potestate
787 3095 852 3158 viri.
1185 3089 1186 3096 ἵ

611 3211 642 3266 t.

193 3305 317 3370 Deinde
337 3282 423 3370 Deus
453 3306 529 3370 dixit
560 3307 701 3370 Adamo:
731 3309 804 3391 quia
832 3310 952 3393 gessisti
979 3331 1095 3374 morem
1185 3301 1186 3322 ¹

153 3391 239 3454 uxori
269 3401 340 3466 tuse,
365 3390 493 3455 hebebis
514 3399 625 3455 terrum
646 3391 812 3467 infestum:
846 3413 885 3458 ea
906 3394 1017 3461 lirndet
1037 3394 1094 3460 tibi

153 3475 258 3560 spinos
272 3486 304 3538 et
313 3473 456 3538 carduos.
483 3470 488 3478 ’
