2386 3822
595 190 640 261 ll

395 369 496 446 Veris
519 369 564 468 ο]
579 370 753 470 messing,
782 373 845 458 lc.

385 583 475 644 Adnm,
490 580 521 630 ll.
536 581 700 644 23e-Smiffi,
711 583 724 646 ξ
734 581 759 632 2.
774 582 806 632 B.
818 583 857 634 12.

198 680 438 755 Centuriones
463 678 621 752 avaritias
646 679 911 754 insimulabant.

148 780 271 952 defiliu
289 779 440 852 alterum
457 777 600 852 incusat
620 779 751 875 probri,
769 801 809 852 se
826 777 944 875 ipsum
960 778 1100 892 intueri

197 903 295 1049 Eeuin
320 974 454 1048 fraudis
478 975 684 1048 damnabat.

198 1072 398 1148 Absolvunt
423 1097 508 1147 eum
533 1074 703 1146 criminis.

198 1173 273 1246 Res
300 1171 459 1246 ad'versae
487 1172 651 1244 homines
677 1172 858 1270 religionis
881 1173 1093 1247 admonent.

445 1545 655 1649 imperioso
683 1549 794 1626 Venus.

335 1747 424 1809 num,
435 1746 466 1795 n.
481 1747 643 1810 ee-smiu,
655 1746 704 1811 ιι
720 1747 898 1810 n1s,1i‚1s.

200 1843 323 1918 Poetis
347 1843 489 1918 mentiri
512 1841 609 1918 lieet.

201 1941 290 2015 Aliis
315 1942 345 2015 si
369 1942 488 2029 liceat,
514 1965 586 2016 non
611 1943 696 2015 licet
720 1941 796 2014 tibi.

203 2040 386 2118 Conduoit
408 2040 514 2116 ueluti
539 2042 660 2116 vivere
683 2066 706 2114 e
730 2039 870 2116 neunrfi.

200 2137 300 2212 Nulli
324 2163 451 2236 sapere
477 2138 620 2214 fortuito
647 2140 792 2214 accidit.

201 2235 286 2310 Non
311 2237 424 2311 cuivis
449 2238 603 2332 contigit
627 2238 727 2310 odire
753 2236 978 2310 Corinthum.

203 2335 356 2410 lnterest
379 2337 538 2410 omnium
562 2335 682 2410 colere
707 2336 883 2410 virtutem.
936 2346 941 2366 '

204 2433 375 2508 Omnium
400 2433 508 2508 refert
532 2434 657 2508 vitium
681 2434 817 2531 fugere.

204 2531 253 2606 Et
276 2547 338 2606 tua
362 2546 400 2608 et
424 2557 507 2606 meu
530 2534 684 2608 maxime
709 2533 867 2608 interest.

204 2728 294 2826 Ejus
320 2739 378 2804 me
404 2732 560 2806 miseret.

204 2827 277 2902 Tui
300 2853 373 2902 non
397 2844 433 2905 te
459 2831 595 2927 pudet?

206 2925 355 3000 Prorsus
380 2930 459 3004 vitae
484 2954 541 3004 me
567 2931 685 3004 tedet.

204 3024 268 3100 Me
294 3026 448 3101 civitatis
474 3051 613 3103 morum
638 3028 738 3127 piget
762 3028 952 3124 tedetque.

207 3123 314 3199 Hanc
339 3127 520 3200 maculam
544 3150 610 3200 nos
635 3127 744 3201 decet
768 3127 938 3224 effugere.

208 3221 328 3311 Quem
355 3225 507 3322 poenitet
522 3224 708 3321 peccsssse,
727 3238 782 3300 est
798 3249 890 3324 pene
907 3225 1094 3297 innocens.

207 3317 265 3392 Ne
292 3323 427 3419 pudeat
453 3337 489 3398 te
520 3325 623 3400 lateri
646 3325 785 3400 nescire
813 3323 909 3421 quod
932 3319 1085 3396 nescias.
