2386 3822
623 177 647 248 9
666 254 669 258 .

347 357 579 434 Substamtves
596 359 761 458 agreeing
774 357 934 434 iocose.

545 555 634 618 Adam,
649 555 682 606 R.
698 557 722 606 1.

212 651 348 739 Gloria,
367 651 504 725 virtutis
521 654 658 725 umbra.

211 750 414 824 Alexander
431 750 587 846 Philippi
604 751 710 824 filius.

211 848 348 922 Omnes
364 873 449 924 suos
466 847 596 922 libe'ros
613 847 758 924 obsides
774 847 885 923 dedit
942 859 947 870 “

163 1205 237 1281 One
266 1205 479 1281 Substamtve
501 1205 695 1304 governing
719 1205 860 1281 another
886 1205 1103 1284 Substantia

461 1305 500 1379 in
517 1306 571 1378 tlte
591 1304 756 1380 Genitioe.

396 1502 486 1564 Atm,
502 1501 534 1552 11.
549 1501 696 1563 s-Smith,
712 1501 764 1565 52.
779 1501 841 1552 lot.
885 1561 889 1569 Δ

207 1601 332 1677 Rubor
348 1603 487 1677 virtutis
504 1601 604 1675 color
621 1614 686 1676 est.

207 1700 346 1776 invidia
363 1700 484 1798 gloriae
502 1713 709 1775 comesset

205 1799 315 1876 Nisus
332 1813 411 1874 erat
427 1813 538 1899 portae
555 1813 684 1874 custos

207 1899 370 1972 Aliorum
386 1897 552 1995 exempla
568 1912 812 1973 commonent.

208 1995 406 2069 calamitas
424 1999 561 2071 virtutis
576 1997 726 2072 occasio
743 2010 808 2072 est.

206 2094 279 2168 Ubi
305 2095 435 2168 vetoris
459 2094 655 2190 disciplinae
681 2094 819 2169 decus?

204 2193 414 2266 Manebat
405 2217 527 2289 imago
551 2192 767 2292 reipublioae.

204 2290 287 2364 Vim
311 2291 396 2364 solis
420 2294 553 2365 umbrae
581 2287 712 2366 levont.

203 2388 314 2464 Nulla
338 2388 451 2464 facies
476 2390 562 2464 moli
587 2393 722 2465 aberat.

203 2585 384 2660 Malorum
409 2585 492 2660 Ilios
509 2586 705 2699 impendet.

204 2685 376 2759 Omnium
400 2709 519 2758 rorum
542 2686 721 2783 principia
744 2709 857 2783 patto
878 2699 972 2762 sunt.

203 2784 322 2858 Mater
347 2784 477 2858 artium
500 2796 557 2858 ost
580 2785 789 2860 necessitas.

202 2883 298 2956 Juno
315 2894 394 2956 erat
417 2882 518 2956 Jovis
542 2894 580 2956 ot
604 2904 706 2956 soror
730 2896 768 2957 ot
791 2882 933 2981 conjux.
986 2889 990 2898 '

204 2980 345 3054 Praemii
369 3005 450 3078 spes
474 2981 619 3054 solatur.

201 3078 329 3175 Magni
354 3079 464 3153 animi
489 3101 613 3152 comos
637 3092 694 3154 ost
718 3078 921 3158 elementia.

203 3176 338 3251 Omnia
362 3177 502 3254 virtutis
526 3178 675 3276 promia
697 3178 848 3255 ambitio
872 3177 1043 3274 possidet.
