<?xml version="1.0" encoding="UTF-8"?>
<!DOCTYPE html PUBLIC "-//W3C//DTD XHTML 1.0 Transitional//EN"
    "http://www.w3.org/TR/xhtml1/DTD/xhtml1-transitional.dtd">
<html xmlns="http://www.w3.org/1999/xhtml" xml:lang="en" lang="en">
 <head>
  <title>
</title>
<meta http-equiv="Content-Type" content="text/html;charset=utf-8" />
  <meta name='ocr-system' content='tesseract 3.04.00' />
  <meta name='ocr-capabilities' content='ocr_page ocr_carea ocr_par ocr_line ocrx_word'/>
</head>
<body>
  <div class='ocr_page' id='page_1' title='image "./liberprimusoraf02danagoog_0035.png"; bbox 0 0 2386 3822; ppageno 0'>
   <div class='ocr_carea' id='block_1_1' title="bbox 596 133 647 210">
    <p class='ocr_par' dir='ltr' id='par_1_1' title="bbox 596 133 647 210">
     <span class='ocr_line' id='line_1_1' title="bbox 596 133 647 210; baseline 0 0"><span class='ocrx_word' id='word_1_1' title='bbox 596 133 647 210; x_wconf 69' lang='lat'>29</span> 
     </span>
    </p>
   </div>
   <div class='ocr_carea' id='block_1_2' title="bbox 155 305 1095 737">
    <p class='ocr_par' dir='ltr' id='par_1_2' title="bbox 155 305 1093 468">
     <span class='ocr_line' id='line_1_2' title="bbox 197 305 1093 400; baseline -0.008 -18"><span class='ocrx_word' id='word_1_2' title='bbox 197 317 342 382; x_wconf 80' lang='lat' dir='ltr'>Attamen</span> <span class='ocrx_word' id='word_1_3' title='bbox 355 316 684 400; x_wconf 72' lang='lat' dir='ltr'>pepercitnotmoet</span> <span class='ocrx_word' id='word_1_4' title='bbox 705 315 807 382; x_wconf 88' lang='lat' dir='ltr'>liberis</span> <span class='ocrx_word' id='word_1_5' title='bbox 820 315 896 400; x_wconf 84' lang='lat' dir='ltr'>ejus,</span> <span class='ocrx_word' id='word_1_6' title='bbox 918 313 989 396; x_wconf 83' lang='lat' dir='ltr'>quia</span> <span class='ocrx_word' id='word_1_7' title='bbox 1009 305 1093 378; x_wconf 75' lang='lat' dir='ltr'>coie-</span> 
     </span>
     <span class='ocr_line' id='line_1_3' title="bbox 155 399 396 468; baseline -0.021 0"><span class='ocrx_word' id='word_1_8' title='bbox 155 399 232 468; x_wconf 85' lang='lat' dir='ltr'>bant</span> <span class='ocrx_word' id='word_1_9' title='bbox 245 402 396 465; x_wconf 86' lang='lat' dir='ltr'>virtutem.</span> 
     </span>
    </p>

    <p class='ocr_par' dir='ltr' id='par_1_3' title="bbox 155 483 1095 737">
     <span class='ocr_line' id='line_1_4' title="bbox 199 483 1094 570; baseline -0.009 -20"><span class='ocrx_word' id='word_1_10' title='bbox 199 485 336 550; x_wconf 76' lang='lat' dir='ltr'>Nodmus</span> <span class='ocrx_word' id='word_1_11' title='bbox 367 485 540 552; x_wconf 86' lang='lat' dir='ltr'>admonitus</span> <span class='ocrx_word' id='word_1_12' title='bbox 560 507 580 550; x_wconf 85' lang='lat' dir='ltr'>a</span> <span class='ocrx_word' id='word_1_13' title='bbox 601 485 670 552; x_wconf 90' lang='lat' dir='ltr'>Deo</span> <span class='ocrx_word' id='word_1_14' title='bbox 700 483 846 570; x_wconf 70' lang='lat' dir='ltr'>exstnuxit</span> <span class='ocrx_word' id='word_1_15' title='bbox 870 483 1026 566; x_wconf 86' lang='lat' dir='ltr'>ingentem</span> <span class='ocrx_word' id='word_1_16' title='bbox 1047 502 1094 542; x_wconf 77' lang='lat' dir='ltr'>ar-</span> 
     </span>
     <span class='ocr_line' id='line_1_5' title="bbox 155 564 1095 650; baseline -0.006 -18"><span class='ocrx_word' id='word_1_17' title='bbox 155 589 225 634; x_wconf 86' lang='lat' dir='ltr'>eam</span> <span class='ocrx_word' id='word_1_18' title='bbox 246 570 279 632; x_wconf 89' lang='lat' dir='ltr'>in</span> <span class='ocrx_word' id='word_1_19' title='bbox 299 569 424 636; x_wconf 86' lang='lat' dir='ltr'>modum</span> <span class='ocrx_word' id='word_1_20' title='bbox 441 569 525 634; x_wconf 85' lang='lat' dir='ltr'>navis</span> <span class='ocrx_word' id='word_1_21' title='bbox 537 594 552 650; x_wconf 48' lang='lat'>;¹</span> <span class='ocrx_word' id='word_1_22' title='bbox 567 567 665 634; x_wconf 90' lang='lat' dir='ltr'>linivit</span> <span class='ocrx_word' id='word_1_23' title='bbox 679 591 748 632; x_wconf 88' lang='lat' dir='ltr'>eam</span> <span class='ocrx_word' id='word_1_24' title='bbox 761 567 920 642; x_wconf 82' lang='lat' dir='ltr'>bitumine,</span> <span class='ocrx_word' id='word_1_25' title='bbox 934 576 967 628; x_wconf 91' lang='lat' dir='ltr'>et</span> <span class='ocrx_word' id='word_1_26' title='bbox 981 564 1095 628; x_wconf 85' lang='lat' dir='ltr'>ineam</span> 
     </span>
     <span class='ocr_line' id='line_1_6' title="bbox 155 650 984 737; baseline -0.01 -19"><span class='ocrx_word' id='word_1_27' title='bbox 155 652 275 718; x_wconf 84' lang='lat' dir='ltr'>induxit</span> <span class='ocrx_word' id='word_1_28' title='bbox 288 673 344 737; x_wconf 88' lang='lat' dir='ltr'>par</span> <span class='ocrx_word' id='word_1_29' title='bbox 357 673 452 718; x_wconf 88' lang='lat' dir='ltr'>unum</span> <span class='ocrx_word' id='word_1_30' title='bbox 465 653 600 720; x_wconf 88' lang='lat' dir='ltr'>omnium</span> <span class='ocrx_word' id='word_1_31' title='bbox 615 654 715 718; x_wconf 80' lang='lat' dir='ltr'>avimn</span> <span class='ocrx_word' id='word_1_32' title='bbox 728 663 761 718; x_wconf 85' lang='lat' dir='ltr'>et</span> <span class='ocrx_word' id='word_1_33' title='bbox 775 650 984 716; x_wconf 87' lang='lat' dir='ltr'>animantium.</span> 
     </span>
    </p>
   </div>
   <div class='ocr_carea' id='block_1_3' title="bbox 609 763 657 820">
    <p class='ocr_par' dir='ltr' id='par_1_4' title="bbox 609 763 657 820">
     <span class='ocr_line' id='line_1_7' title="bbox 609 763 657 820; baseline -0.042 0"><span class='ocrx_word' id='word_1_34' title='bbox 609 763 657 820; x_wconf 73' lang='lat'>12.</span> 
     </span>
    </p>
   </div>
   <div class='ocr_carea' id='block_1_4' title="bbox 155 853 1100 1610">
    <p class='ocr_par' dir='ltr' id='par_1_5' title="bbox 155 853 1097 1105">
     <span class='ocr_line' id='line_1_8' title="bbox 198 853 1097 937; baseline -0.001 -23"><span class='ocrx_word' id='word_1_35' title='bbox 198 853 364 934; x_wconf 88' lang='lat' dir='ltr'>Postquam</span> <span class='ocrx_word' id='word_1_36' title='bbox 394 853 531 918; x_wconf 73' lang='lat' dir='ltr'>Nodmua</span> <span class='ocrx_word' id='word_1_37' title='bbox 562 855 627 937; x_wconf 84' lang='lat' dir='ltr'>ipse</span> <span class='ocrx_word' id='word_1_38' title='bbox 649 855 802 936; x_wconf 81' lang='lat' dir='ltr'>ingressus</span> <span class='ocrx_word' id='word_1_39' title='bbox 825 863 874 914; x_wconf 90' lang='lat' dir='ltr'>est</span> <span class='ocrx_word' id='word_1_40' title='bbox 902 873 1004 914; x_wconf 86' lang='lat' dir='ltr'>aream</span> <span class='ocrx_word' id='word_1_41' title='bbox 1025 871 1097 914; x_wconf 90' lang='lat' dir='ltr'>cum</span> 
     </span>
     <span class='ocr_line' id='line_1_9' title="bbox 155 935 1097 1020; baseline -0.004 -20"><span class='ocrx_word' id='word_1_42' title='bbox 155 937 300 1020; x_wconf 67' lang='lat' dir='ltr'>emingo,</span> <span class='ocrx_word' id='word_1_43' title='bbox 324 939 420 1000; x_wconf 76' lang='lat' dir='ltr'>tribas</span> <span class='ocrx_word' id='word_1_44' title='bbox 445 938 514 1002; x_wconf 83' lang='lat' dir='ltr'>filiis</span> <span class='ocrx_word' id='word_1_45' title='bbox 535 949 569 1002; x_wconf 87' lang='lat' dir='ltr'>et</span> <span class='ocrx_word' id='word_1_46' title='bbox 589 939 718 1004; x_wconf 85' lang='lat' dir='ltr'>totidem</span> <span class='ocrx_word' id='word_1_47' title='bbox 738 938 874 1012; x_wconf 83' lang='lat' dir='ltr'>nuribus,</span> <span class='ocrx_word' id='word_1_48' title='bbox 896 957 984 1018; x_wconf 80' lang='lat' dir='ltr'>aquae</span> <span class='ocrx_word' id='word_1_49' title='bbox 1005 935 1097 998; x_wconf 82' lang='lat' dir='ltr'>maris</span> 
     </span>
     <span class='ocr_line' id='line_1_10' title="bbox 155 1021 668 1105; baseline 0 -21"><span class='ocrx_word' id='word_1_50' title='bbox 155 1030 190 1084; x_wconf 85' lang='lat' dir='ltr'>et</span> <span class='ocrx_word' id='word_1_51' title='bbox 203 1021 337 1086; x_wconf 88' lang='lat' dir='ltr'>omnium</span> <span class='ocrx_word' id='word_1_52' title='bbox 352 1021 481 1089; x_wconf 85' lang='lat' dir='ltr'>sontium</span> <span class='ocrx_word' id='word_1_53' title='bbox 494 1033 668 1105; x_wconf 77' lang='lat' dir='ltr'>eruperant</span> 
     </span>
    </p>

    <p class='ocr_par' dir='ltr' id='par_1_6' title="bbox 157 1103 1098 1264">
     <span class='ocr_line' id='line_1_11' title="bbox 200 1103 1098 1190; baseline -0.002 -24"><span class='ocrx_word' id='word_1_54' title='bbox 200 1103 298 1168; x_wconf 84' lang='lat' dir='ltr'>Simul</span> <span class='ocrx_word' id='word_1_55' title='bbox 313 1105 416 1186; x_wconf 84' lang='lat' dir='ltr'>pluvia</span> <span class='ocrx_word' id='word_1_56' title='bbox 430 1107 539 1190; x_wconf 85' lang='lat' dir='ltr'>ingens</span> <span class='ocrx_word' id='word_1_57' title='bbox 552 1105 667 1170; x_wconf 83' lang='lat' dir='ltr'>cecidit</span> <span class='ocrx_word' id='word_1_58' title='bbox 687 1126 742 1189; x_wconf 86' lang='lat' dir='ltr'>per</span> <span class='ocrx_word' id='word_1_59' title='bbox 763 1103 966 1188; x_wconf 82' lang='lat' dir='ltr'>quadraginta</span> <span class='ocrx_word' id='word_1_60' title='bbox 979 1103 1045 1166; x_wconf 88' lang='lat' dir='ltr'>dies</span> <span class='ocrx_word' id='word_1_61' title='bbox 1066 1113 1098 1164; x_wconf 86' lang='lat' dir='ltr'>at</span> 
     </span>
     <span class='ocr_line' id='line_1_12' title="bbox 157 1188 692 1264; baseline 0.011 -14"><span class='ocrx_word' id='word_1_62' title='bbox 157 1188 419 1254; x_wconf 81' lang='lat' dir='ltr'>totidemnootes.</span> <span class='ocrx_word' id='word_1_63' title='bbox 691 1259 692 1264; x_wconf 59' lang='grc'>,</span> 
     </span>
    </p>

    <p class='ocr_par' dir='ltr' id='par_1_7' title="bbox 157 1270 1098 1438">
     <span class='ocr_line' id='line_1_13' title="bbox 200 1270 1098 1360; baseline 0.001 -27"><span class='ocrx_word' id='word_1_64' title='bbox 200 1272 228 1334; x_wconf 88' lang='lat' dir='ltr'>A</span> <span class='ocrx_word' id='word_1_65' title='bbox 250 1293 291 1334; x_wconf 88' lang='lat' dir='ltr'>ua</span> <span class='ocrx_word' id='word_1_66' title='bbox 317 1275 438 1360; x_wconf 86' lang='lat' dir='ltr'>operuit</span> <span class='ocrx_word' id='word_1_67' title='bbox 468 1273 637 1342; x_wconf 85' lang='lat' dir='ltr'>universam</span> <span class='ocrx_word' id='word_1_68' title='bbox 665 1287 786 1350; x_wconf 87' lang='lat' dir='ltr'>terram,</span> <span class='ocrx_word' id='word_1_69' title='bbox 807 1270 850 1337; x_wconf 87' lang='lat' dir='ltr'>ita</span> <span class='ocrx_word' id='word_1_70' title='bbox 878 1283 912 1335; x_wconf 94' lang='lat' dir='ltr'>ut</span> <span class='ocrx_word' id='word_1_71' title='bbox 941 1281 1098 1358; x_wconf 84' lang='lat' dir='ltr'>superaret</span> 
     </span>
     <span class='ocr_line' id='line_1_14' title="bbox 157 1293 884 1438; baseline 0.001 -21"><span class='ocrx_word' id='word_1_72' title='bbox 157 1293 334 1438; x_wconf 53' lang='lat' dir='ltr'>quindecim</span> <span class='ocrx_word' id='word_1_73' title='bbox 348 1359 460 1422; x_wconf 85' lang='lat' dir='ltr'>cubitis</span> <span class='ocrx_word' id='word_1_74' title='bbox 474 1358 636 1422; x_wconf 85' lang='lat' dir='ltr'>altissimos</span> <span class='ocrx_word' id='word_1_75' title='bbox 649 1370 780 1422; x_wconf 88' lang='lat' dir='ltr'>montes.</span> <span class='ocrx_word' id='word_1_76' title='bbox 882 1355 884 1358; x_wconf 71' lang='grc'><strong>’</strong></span> 
     </span>
    </p>

    <p class='ocr_par' dir='ltr' id='par_1_8' title="bbox 158 1440 1100 1610">
     <span class='ocr_line' id='line_1_15' title="bbox 200 1440 1100 1526; baseline 0 -24"><span class='ocrx_word' id='word_1_77' title='bbox 200 1440 313 1508; x_wconf 82' lang='lat' dir='ltr'>Omnia</span> <span class='ocrx_word' id='word_1_78' title='bbox 323 1441 488 1526; x_wconf 82' lang='lat' dir='ltr'>absumpta</span> <span class='ocrx_word' id='word_1_79' title='bbox 501 1455 572 1508; x_wconf 86' lang='lat' dir='ltr'>sunt</span> <span class='ocrx_word' id='word_1_80' title='bbox 584 1443 719 1510; x_wconf 85' lang='lat' dir='ltr'>diluvio:</span> <span class='ocrx_word' id='word_1_81' title='bbox 740 1461 812 1506; x_wconf 85' lang='lat' dir='ltr'>arca</span> <span class='ocrx_word' id='word_1_82' title='bbox 826 1450 928 1504; x_wconf 88' lang='lat' dir='ltr'>autem</span> <span class='ocrx_word' id='word_1_83' title='bbox 940 1440 1100 1506; x_wconf 81' lang='lat' dir='ltr'>sublevata</span> 
     </span>
     <span class='ocr_line' id='line_1_16' title="bbox 158 1523 535 1610; baseline 0.016 -24"><span class='ocrx_word' id='word_1_84' title='bbox 158 1523 247 1610; x_wconf 88' lang='lat' dir='ltr'>aquis</span> <span class='ocrx_word' id='word_1_85' title='bbox 261 1523 403 1594; x_wconf 77' lang='lat' dir='ltr'>fluitabat</span> <span class='ocrx_word' id='word_1_86' title='bbox 416 1525 448 1592; x_wconf 91' lang='lat' dir='ltr'>in</span> <span class='ocrx_word' id='word_1_87' title='bbox 461 1525 535 1594; x_wconf 79' lang='lat' dir='ltr'>alto.</span> 
     </span>
    </p>
   </div>
   <div class='ocr_carea' id='block_1_5' title="bbox 160 1711 1102 2552">
    <p class='ocr_par' dir='ltr' id='par_1_9' title="bbox 160 1711 1098 1864">
     <span class='ocr_line' id='line_1_17' title="bbox 200 1711 1098 1794; baseline -0.006 -14"><span class='ocrx_word' id='word_1_88' title='bbox 200 1711 285 1780; x_wconf 88' lang='lat' dir='ltr'>Deus</span> <span class='ocrx_word' id='word_1_89' title='bbox 299 1711 423 1782; x_wconf 82' lang='lat' dir='ltr'>immisit</span> <span class='ocrx_word' id='word_1_90' title='bbox 445 1726 570 1780; x_wconf 84' lang='lat' dir='ltr'>ventum</span> <span class='ocrx_word' id='word_1_91' title='bbox 593 1714 817 1791; x_wconf 82' lang='lat' dir='ltr'>vehementem,</span> <span class='ocrx_word' id='word_1_92' title='bbox 831 1722 864 1776; x_wconf 90' lang='lat' dir='ltr'>et</span> <span class='ocrx_word' id='word_1_93' title='bbox 884 1712 996 1776; x_wconf 88' lang='lat' dir='ltr'>sensim</span> <span class='ocrx_word' id='word_1_94' title='bbox 1010 1734 1098 1794; x_wconf 84' lang='lat' dir='ltr'>aquae</span> 
     </span>
     <span class='ocr_line' id='line_1_18' title="bbox 160 1795 423 1864; baseline -0.011 -1"><span class='ocrx_word' id='word_1_95' title='bbox 160 1795 328 1863; x_wconf 84' lang='lat' dir='ltr'>imminutae</span> <span class='ocrx_word' id='word_1_96' title='bbox 343 1807 423 1864; x_wconf 86' lang='lat' dir='ltr'>sunt.</span> 
     </span>
    </p>

    <p class='ocr_par' dir='ltr' id='par_1_10' title="bbox 160 1879 1100 2128">
     <span class='ocr_line' id='line_1_19' title="bbox 202 1879 1100 1964; baseline 0.002 -22"><span class='ocrx_word' id='word_1_97' title='bbox 202 1881 344 1944; x_wconf 82' lang='lat' dir='ltr'>Tandem</span> <span class='ocrx_word' id='word_1_98' title='bbox 366 1902 470 1944; x_wconf 88' lang='lat' dir='ltr'>mense</span> <span class='ocrx_word' id='word_1_99' title='bbox 491 1881 665 1958; x_wconf 83' lang='lat' dir='ltr'>undecimo,</span> <span class='ocrx_word' id='word_1_100' title='bbox 687 1893 848 1964; x_wconf 81' lang='lat' dir='ltr'>postquam</span> <span class='ocrx_word' id='word_1_101' title='bbox 867 1879 1016 1945; x_wconf 90' lang='lat' dir='ltr'>diluvium</span> <span class='ocrx_word' id='word_1_102' title='bbox 1036 1903 1100 1944; x_wconf 83' lang='lat' dir='ltr'>ooe-</span> 
     </span>
     <span class='ocr_line' id='line_1_20' title="bbox 160 1965 1100 2046; baseline 0.004 -22"><span class='ocrx_word' id='word_1_103' title='bbox 160 1973 258 2045; x_wconf 80' lang='lat' dir='ltr'>petat,</span> <span class='ocrx_word' id='word_1_104' title='bbox 277 1965 413 2028; x_wconf 71' lang='lat' dir='ltr'>Noemus</span> <span class='ocrx_word' id='word_1_105' title='bbox 435 1967 553 2046; x_wconf 88' lang='lat' dir='ltr'>aperuit</span> <span class='ocrx_word' id='word_1_106' title='bbox 567 1965 730 2030; x_wconf 74' lang='lat' dir='ltr'>fenestram</span> <span class='ocrx_word' id='word_1_107' title='bbox 744 1987 835 2042; x_wconf 82' lang='lat' dir='ltr'>arcae,</span> <span class='ocrx_word' id='word_1_108' title='bbox 857 1975 890 2028; x_wconf 90' lang='lat' dir='ltr'>et</span> <span class='ocrx_word' id='word_1_109' title='bbox 909 1965 1012 2027; x_wconf 82' lang='lat' dir='ltr'>emisit</span> <span class='ocrx_word' id='word_1_110' title='bbox 1033 1985 1100 2028; x_wconf 85' lang='lat' dir='ltr'>cor·</span> 
     </span>
     <span class='ocr_line' id='line_1_21' title="bbox 160 2047 602 2128; baseline 0.005 -20"><span class='ocrx_word' id='word_1_111' title='bbox 160 2067 240 2124; x_wconf 81' lang='lat' dir='ltr'>vum,</span> <span class='ocrx_word' id='word_1_112' title='bbox 255 2047 307 2128; x_wconf 91' lang='lat' dir='ltr'>qui</span> <span class='ocrx_word' id='word_1_113' title='bbox 321 2069 383 2110; x_wconf 90' lang='lat' dir='ltr'>non</span> <span class='ocrx_word' id='word_1_114' title='bbox 397 2060 444 2110; x_wconf 80' lang='lat' dir='ltr'>est</span> <span class='ocrx_word' id='word_1_115' title='bbox 457 2070 602 2112; x_wconf 85' lang='lat' dir='ltr'>reversus.</span> 
     </span>
    </p>

    <p class='ocr_par' dir='ltr' id='par_1_11' title="bbox 161 2130 1101 2381">
     <span class='ocr_line' id='line_1_22' title="bbox 201 2130 1101 2213; baseline 0.002 -19"><span class='ocrx_word' id='word_1_116' title='bbox 201 2131 322 2195; x_wconf 85' lang='lat' dir='ltr'>Deinde</span> <span class='ocrx_word' id='word_1_117' title='bbox 343 2131 443 2197; x_wconf 89' lang='lat' dir='ltr'>emisit</span> <span class='ocrx_word' id='word_1_118' title='bbox 464 2131 659 2196; x_wconf 84' lang='lat' dir='ltr'>columbam:</span> <span class='ocrx_word' id='word_1_119' title='bbox 681 2153 774 2213; x_wconf 91' lang='lat' dir='ltr'>quum</span> <span class='ocrx_word' id='word_1_120' title='bbox 795 2153 833 2194; x_wconf 87' lang='lat' dir='ltr'>aa</span> <span class='ocrx_word' id='word_1_121' title='bbox 853 2153 915 2195; x_wconf 89' lang='lat' dir='ltr'>non</span> <span class='ocrx_word' id='word_1_122' title='bbox 936 2130 1101 2198; x_wconf 85' lang='lat' dir='ltr'>invenisset</span> 
     </span>
     <span class='ocr_line' id='line_1_23' title="bbox 161 2215 1100 2305; baseline 0 -27"><span class='ocrx_word' id='word_1_123' title='bbox 161 2215 264 2278; x_wconf 81' lang='lat' dir='ltr'>locum</span> <span class='ocrx_word' id='word_1_124' title='bbox 288 2216 341 2279; x_wconf 87' lang='lat' dir='ltr'>ubi</span> <span class='ocrx_word' id='word_1_125' title='bbox 366 2227 494 2299; x_wconf 86' lang='lat' dir='ltr'>poneret</span> <span class='ocrx_word' id='word_1_126' title='bbox 518 2217 640 2305; x_wconf 88' lang='lat' dir='ltr'>pedem,</span> <span class='ocrx_word' id='word_1_127' title='bbox 664 2237 784 2280; x_wconf 86' lang='lat' dir='ltr'>reversa</span> <span class='ocrx_word' id='word_1_128' title='bbox 805 2226 853 2278; x_wconf 87' lang='lat' dir='ltr'>est</span> <span class='ocrx_word' id='word_1_129' title='bbox 877 2216 915 2278; x_wconf 86' lang='lat' dir='ltr'>ad</span> <span class='ocrx_word' id='word_1_130' title='bbox 937 2216 1100 2294; x_wconf 68' lang='lat' dir='ltr'>Nodmum,</span> 
     </span>
     <span class='ocr_line' id='line_1_24' title="bbox 161 2300 931 2381; baseline 0.001 -20"><span class='ocrx_word' id='word_1_131' title='bbox 161 2300 213 2381; x_wconf 90' lang='lat' dir='ltr'>qui</span> <span class='ocrx_word' id='word_1_132' title='bbox 227 2300 365 2364; x_wconf 81' lang='lat' dir='ltr'>extendit</span> <span class='ocrx_word' id='word_1_133' title='bbox 377 2321 511 2376; x_wconf 86' lang='lat' dir='ltr'>menum,</span> <span class='ocrx_word' id='word_1_134' title='bbox 526 2311 559 2363; x_wconf 83' lang='lat' dir='ltr'>et</span> <span class='ocrx_word' id='word_1_135' title='bbox 572 2300 676 2364; x_wconf 90' lang='lat' dir='ltr'>intulit</span> <span class='ocrx_word' id='word_1_136' title='bbox 687 2321 758 2366; x_wconf 89' lang='lat' dir='ltr'>eam</span> <span class='ocrx_word' id='word_1_137' title='bbox 772 2301 804 2364; x_wconf 86' lang='lat' dir='ltr'>in</span> <span class='ocrx_word' id='word_1_138' title='bbox 818 2320 931 2364; x_wconf 74' lang='lat' dir='ltr'>aream,</span> 
     </span>
    </p>

    <p class='ocr_par' dir='ltr' id='par_1_12' title="bbox 161 2381 1102 2552">
     <span class='ocr_line' id='line_1_25' title="bbox 202 2381 1102 2450; baseline 0.002 -4"><span class='ocrx_word' id='word_1_139' title='bbox 202 2381 353 2446; x_wconf 88' lang='lat' dir='ltr'>Columba</span> <span class='ocrx_word' id='word_1_140' title='bbox 377 2405 493 2446; x_wconf 81' lang='lat' dir='ltr'>rursum</span> <span class='ocrx_word' id='word_1_141' title='bbox 516 2384 626 2446; x_wconf 83' lang='lat' dir='ltr'>emissa</span> <span class='ocrx_word' id='word_1_142' title='bbox 649 2383 751 2447; x_wconf 84' lang='lat' dir='ltr'>attulit</span> <span class='ocrx_word' id='word_1_143' title='bbox 775 2385 807 2446; x_wconf 93' lang='lat' dir='ltr'>in</span> <span class='ocrx_word' id='word_1_144' title='bbox 832 2405 884 2446; x_wconf 89' lang='lat' dir='ltr'>ore</span> <span class='ocrx_word' id='word_1_145' title='bbox 905 2405 961 2446; x_wconf 90' lang='lat' dir='ltr'>suo</span> <span class='ocrx_word' id='word_1_146' title='bbox 984 2405 1102 2450; x_wconf 70' lang='lat' dir='ltr'>tainum</span> 
     </span>
     <span class='ocr_line' id='line_1_26' title="bbox 161 2467 930 2552; baseline -0.003 -18"><span class='ocrx_word' id='word_1_147' title='bbox 161 2467 250 2534; x_wconf 71' lang='lat' dir='ltr'>olive</span> <span class='ocrx_word' id='word_1_148' title='bbox 264 2467 398 2544; x_wconf 87' lang='lat' dir='ltr'>virentis,</span> <span class='ocrx_word' id='word_1_149' title='bbox 411 2488 474 2549; x_wconf 85' lang='lat' dir='ltr'>quo</span> <span class='ocrx_word' id='word_1_150' title='bbox 488 2467 556 2534; x_wconf 84' lang='lat' dir='ltr'>finis</span> <span class='ocrx_word' id='word_1_151' title='bbox 569 2468 675 2530; x_wconf 77' lang='lat' dir='ltr'>diluvii</span> <span class='ocrx_word' id='word_1_152' title='bbox 689 2469 930 2552; x_wconf 82' lang='lat' dir='ltr'>significabatur.</span> 
     </span>
    </p>
   </div>
   <div class='ocr_carea' id='block_1_6' title="bbox 609 2576 658 2634">
    <p class='ocr_par' dir='ltr' id='par_1_13' title="bbox 609 2576 658 2634">
     <span class='ocr_line' id='line_1_27' title="bbox 609 2576 658 2634; baseline -0.02 0"><span class='ocrx_word' id='word_1_153' title='bbox 609 2576 658 2634; x_wconf 80' lang='lat'>14.</span> 
     </span>
    </p>
   </div>
   <div class='ocr_carea' id='block_1_7' title="bbox 160 2669 1102 3344">
    <p class='ocr_par' dir='ltr' id='par_1_14' title="bbox 160 2669 1102 2919">
     <span class='ocr_line' id='line_1_28' title="bbox 203 2669 1102 2760; baseline 0.002 -28"><span class='ocrx_word' id='word_1_154' title='bbox 203 2670 341 2734; x_wconf 69' lang='lat' dir='ltr'>Nodmus</span> <span class='ocrx_word' id='word_1_155' title='bbox 364 2689 503 2757; x_wconf 78' lang='lat' dir='ltr'>egnessus</span> <span class='ocrx_word' id='word_1_156' title='bbox 523 2681 571 2734; x_wconf 84' lang='lat' dir='ltr'>est</span> <span class='ocrx_word' id='word_1_157' title='bbox 591 2691 630 2733; x_wconf 83' lang='lat' dir='ltr'>ex</span> <span class='ocrx_word' id='word_1_158' title='bbox 654 2671 735 2748; x_wconf 68' lang='lat' dir='ltr'>arca,</span> <span class='ocrx_word' id='word_1_159' title='bbox 757 2682 919 2760; x_wconf 81' lang='lat' dir='ltr'>postquam</span> <span class='ocrx_word' id='word_1_160' title='bbox 939 2669 982 2734; x_wconf 84' lang='lat' dir='ltr'>ibi</span> <span class='ocrx_word' id='word_1_161' title='bbox 1003 2671 1102 2734; x_wconf 77' lang='lat' dir='ltr'>melu·</span> 
     </span>
     <span class='ocr_line' id='line_1_29' title="bbox 160 2753 1102 2843; baseline -0.002 -23"><span class='ocrx_word' id='word_1_162' title='bbox 160 2775 211 2820; x_wconf 79' lang='lat' dir='ltr'>sus</span> <span class='ocrx_word' id='word_1_163' title='bbox 225 2755 324 2817; x_wconf 85' lang='lat' dir='ltr'>suerat</span> <span class='ocrx_word' id='word_1_164' title='bbox 337 2775 393 2836; x_wconf 88' lang='lat' dir='ltr'>per</span> <span class='ocrx_word' id='word_1_165' title='bbox 407 2775 520 2819; x_wconf 85' lang='lat' dir='ltr'>annum</span> <span class='ocrx_word' id='word_1_166' title='bbox 534 2765 632 2817; x_wconf 91' lang='lat' dir='ltr'>totum</span> <span class='ocrx_word' id='word_1_167' title='bbox 646 2755 712 2843; x_wconf 89' lang='lat' dir='ltr'>ipse</span> <span class='ocrx_word' id='word_1_168' title='bbox 726 2765 759 2818; x_wconf 87' lang='lat' dir='ltr'>et</span> <span class='ocrx_word' id='word_1_169' title='bbox 772 2753 887 2818; x_wconf 83' lang='lat' dir='ltr'>familia</span> <span class='ocrx_word' id='word_1_170' title='bbox 901 2755 986 2842; x_wconf 88' lang='lat' dir='ltr'>ejus:</span> <span class='ocrx_word' id='word_1_171' title='bbox 1007 2755 1102 2818; x_wconf 87' lang='lat' dir='ltr'>edux-</span> 
     </span>
     <span class='ocr_line' id='line_1_30' title="bbox 161 2838 769 2919; baseline -0.003 -15"><span class='ocrx_word' id='word_1_172' title='bbox 161 2838 186 2904; x_wconf 87' lang='lat' dir='ltr'>it</span> <span class='ocrx_word' id='word_1_173' title='bbox 200 2859 304 2902; x_wconf 88' lang='lat' dir='ltr'>secum</span> <span class='ocrx_word' id='word_1_174' title='bbox 319 2857 389 2902; x_wconf 84' lang='lat' dir='ltr'>aves</span> <span class='ocrx_word' id='word_1_175' title='bbox 404 2849 577 2919; x_wconf 86' lang='lat' dir='ltr'>oaeteraque</span> <span class='ocrx_word' id='word_1_176' title='bbox 592 2839 769 2902; x_wconf 82' lang='lat' dir='ltr'>animantia.</span> 
     </span>
    </p>

    <p class='ocr_par' dir='ltr' id='par_1_15' title="bbox 161 2919 1102 3258">
     <span class='ocr_line' id='line_1_31' title="bbox 202 2919 1100 2998; baseline 0 -12"><span class='ocrx_word' id='word_1_177' title='bbox 202 2923 283 2986; x_wconf 88' lang='lat' dir='ltr'>Tum</span> <span class='ocrx_word' id='word_1_178' title='bbox 311 2922 408 2984; x_wconf 81' lang='lat' dir='ltr'>erexit</span> <span class='ocrx_word' id='word_1_179' title='bbox 434 2921 539 2998; x_wconf 82' lang='lat' dir='ltr'>altare,</span> <span class='ocrx_word' id='word_1_180' title='bbox 560 2931 592 2985; x_wconf 88' lang='lat' dir='ltr'>et</span> <span class='ocrx_word' id='word_1_181' title='bbox 613 2922 726 2985; x_wconf 88' lang='lat' dir='ltr'>obtulit</span> <span class='ocrx_word' id='word_1_182' title='bbox 753 2922 937 2992; x_wconf 83' lang='lat' dir='ltr'>sacrificium</span> <span class='ocrx_word' id='word_1_183' title='bbox 957 2919 1100 2988; x_wconf 89' lang='lat' dir='ltr'>Domino.</span> 
     </span>
     <span class='ocr_line' id='line_1_32' title="bbox 162 3004 1102 3090; baseline 0.002 -22"><span class='ocrx_word' id='word_1_184' title='bbox 162 3004 249 3068; x_wconf 91' lang='lat' dir='ltr'>Deus</span> <span class='ocrx_word' id='word_1_185' title='bbox 263 3005 339 3072; x_wconf 79' lang='lat' dir='ltr'>dixit</span> <span class='ocrx_word' id='word_1_186' title='bbox 353 3005 416 3067; x_wconf 92' lang='lat' dir='ltr'>illi:</span> <span class='ocrx_word' id='word_1_187' title='bbox 440 3027 502 3068; x_wconf 92' lang='lat' dir='ltr'>non</span> <span class='ocrx_word' id='word_1_188' title='bbox 523 3005 636 3069; x_wconf 88' lang='lat' dir='ltr'>delebo</span> <span class='ocrx_word' id='word_1_189' title='bbox 650 3007 798 3089; x_wconf 78' lang='lat' dir='ltr'>deinceps</span> <span class='ocrx_word' id='word_1_190' title='bbox 812 3027 910 3090; x_wconf 86' lang='lat' dir='ltr'>genus</span> <span class='ocrx_word' id='word_1_191' title='bbox 924 3005 1102 3087; x_wconf 78' lang='lat' dir='ltr'>homimim5</span> 
     </span>
     <span class='ocr_line' id='line_1_33' title="bbox 161 3089 1102 3176; baseline 0.006 -27"><span class='ocrx_word' id='word_1_192' title='bbox 161 3109 274 3172; x_wconf 87' lang='lat' dir='ltr'>ponam</span> <span class='ocrx_word' id='word_1_193' title='bbox 284 3110 388 3151; x_wconf 77' lang='lat' dir='ltr'>areum</span> <span class='ocrx_word' id='word_1_194' title='bbox 401 3110 505 3152; x_wconf 90' lang='lat' dir='ltr'>meum</span> <span class='ocrx_word' id='word_1_195' title='bbox 519 3089 551 3152; x_wconf 91' lang='lat' dir='ltr'>in</span> <span class='ocrx_word' id='word_1_196' title='bbox 564 3089 707 3167; x_wconf 88' lang='lat' dir='ltr'>nubibus,</span> <span class='ocrx_word' id='word_1_197' title='bbox 721 3102 754 3159; x_wconf 89' lang='lat' dir='ltr'>et</span> <span class='ocrx_word' id='word_1_198' title='bbox 767 3091 825 3158; x_wconf 83' lang='lat' dir='ltr'>erit</span> <span class='ocrx_word' id='word_1_199' title='bbox 838 3090 958 3176; x_wconf 85' lang='lat' dir='ltr'>signum</span> <span class='ocrx_word' id='word_1_200' title='bbox 979 3089 1102 3156; x_wconf 86' lang='lat' dir='ltr'>foederis</span> 
     </span>
     <span class='ocr_line' id='line_1_34' title="bbox 162 3172 708 3258; baseline -0.007 -22"><span class='ocrx_word' id='word_1_201' title='bbox 162 3173 244 3258; x_wconf 89' lang='lat' dir='ltr'>quod</span> <span class='ocrx_word' id='word_1_202' title='bbox 259 3172 341 3236; x_wconf 83' lang='lat' dir='ltr'>facio</span> <span class='ocrx_word' id='word_1_203' title='bbox 354 3173 524 3242; x_wconf 86' lang='lat' dir='ltr'>vobiscum.</span> <span class='ocrx_word' id='word_1_204' title='bbox 579 3211 582 3218; x_wconf 39' lang='lat'><strong>⁴</strong></span> <span class='ocrx_word' id='word_1_205' title='bbox 705 3227 708 3232; x_wconf 87' lang='lat'><em>.</em></span> 
     </span>
    </p>

    <p class='ocr_par' dir='ltr' id='par_1_16' title="bbox 204 3257 1101 3344">
     <span class='ocr_line' id='line_1_35' title="bbox 204 3257 1101 3344; baseline 0 -20"><span class='ocrx_word' id='word_1_206' title='bbox 204 3257 312 3332; x_wconf 74' lang='lat' dir='ltr'>Quum</span> <span class='ocrx_word' id='word_1_207' title='bbox 332 3257 489 3326; x_wconf 79' lang='lat' dir='ltr'>obduxero</span> <span class='ocrx_word' id='word_1_208' title='bbox 510 3257 609 3326; x_wconf 86' lang='lat' dir='ltr'>nubes</span> <span class='ocrx_word' id='word_1_209' title='bbox 622 3257 713 3338; x_wconf 85' lang='lat' dir='ltr'>ooelo,</span> <span class='ocrx_word' id='word_1_210' title='bbox 728 3281 817 3327; x_wconf 84' lang='lat' dir='ltr'>areas</span> <span class='ocrx_word' id='word_1_211' title='bbox 830 3278 917 3322; x_wconf 90' lang='lat' dir='ltr'>meus</span> <span class='ocrx_word' id='word_1_212' title='bbox 931 3259 1101 3344; x_wconf 80' lang='lat' dir='ltr'>appasebit,</span> 
     </span>
    </p>
   </div>
   <div class='ocr_carea' id='block_1_8' title="bbox 160 3337 1181 3575">
    <p class='ocr_par' dir='ltr' id='par_1_17' title="bbox 160 3337 1181 3575">
     <span class='ocr_line' id='line_1_36' title="bbox 160 3337 1181 3429; baseline 0.011 -25"><span class='ocrx_word' id='word_1_213' title='bbox 160 3350 194 3414; x_wconf 83' lang='lat' dir='ltr'>et</span> <span class='ocrx_word' id='word_1_214' title='bbox 207 3341 391 3410; x_wconf 77' lang='lat' dir='ltr'>recordabor</span> <span class='ocrx_word' id='word_1_215' title='bbox 405 3337 528 3410; x_wconf 74' lang='lat' dir='ltr'>federis</span> <span class='ocrx_word' id='word_1_216' title='bbox 541 3343 613 3422; x_wconf 88' lang='lat' dir='ltr'>mei,</span> <span class='ocrx_word' id='word_1_217' title='bbox 634 3365 693 3413; x_wconf 88' lang='lat' dir='ltr'>neo</span> <span class='ocrx_word' id='word_1_218' title='bbox 717 3365 853 3429; x_wconf 84' lang='lat' dir='ltr'>unquam</span> <span class='ocrx_word' id='word_1_219' title='bbox 873 3343 1020 3414; x_wconf 87' lang='lat' dir='ltr'>diluvium</span> <span class='ocrx_word' id='word_1_220' title='bbox 1044 3344 1104 3416; x_wconf 76' lang='lat' dir='ltr'>etit</span> <span class='ocrx_word' id='word_1_221' title='bbox 1180 3377 1181 3380; x_wconf 42' lang='lat'>¹</span> 
     </span>
     <span class='ocr_line' id='line_1_37' title="bbox 161 3422 820 3575; baseline 0.006 -85"><span class='ocrx_word' id='word_1_222' title='bbox 161 3422 200 3493; x_wconf 83' lang='lat' dir='ltr'>ad</span> <span class='ocrx_word' id='word_1_223' title='bbox 215 3425 404 3514; x_wconf 76' lang='lat' dir='ltr'>perdendum</span> <span class='ocrx_word' id='word_1_224' title='bbox 418 3423 524 3575; x_wconf 51' lang='grc' dir='ltr'>(ἔξω</span> <span class='ocrx_word' id='word_1_225' title='bbox 538 3436 695 3500; x_wconf 79' lang='lat' dir='ltr'>tenerum.</span> <span class='ocrx_word' id='word_1_226' title='bbox 762 3507 764 3514; x_wconf 18' lang='lat' dir='ltr'>y</span> <span class='ocrx_word' id='word_1_227' title='bbox 819 3488 820 3494; x_wconf 73' lang='grc'>,</span> 
     </span>
    </p>
   </div>
   <div class='ocr_carea' id='block_1_9' title="bbox 0 0 1209 3822">
    <p class='ocr_par' dir='ltr' id='par_1_18' title="bbox 0 0 1209 3822">
     <span class='ocr_line' id='line_1_38' title="bbox 0 0 1209 3822; baseline 0 0"><span class='ocrx_word' id='word_1_228' title='bbox 0 0 1209 3822; x_wconf 95' lang='lat' dir='ltr'> </span> 
     </span>
    </p>
   </div>
  </div>
 </body>
</html>
