2386 3822
567 159 611 264 n

120 395 247 440 aureum
264 371 480 473 circumdedit,
498 393 631 457 eumque
653 373 686 436 in
707 391 798 437 curru
819 391 875 437 suo
896 373 1067 440 secundum

121 458 314 628 coilririeariiiiis
334 556 401 608 erut
414 543 541 628 triginta
560 563 658 608 onnon
680 554 780 619 natus,
801 563 897 626 quum
918 563 1053 609 summan
1088 589 1089 594 η

120 639 306 712 potestatem
320 649 340 692 e
353 651 426 713 rege
441 629 574 711 accepit.

569 733 619 792 54.

164 829 316 913 Josephus
330 828 524 914 perlustravit
539 850 646 894 ornnes
660 828 787 914 AEgypti
801 827 952 914 regiones,
967 840 1000 894 et
1012 851 1068 914 per

120 924 242 1063 {eptem
264 935 359 979 annos
383 913 532 978 ubertatis
557 913 713 996 congessit
735 913 900 978 maximam
924 913 1067 980 frumenti
1172 979 1174 1034 ,1

165 1019 256 1082 pram.

166 1083 282 1160 Secuta
296 1093 343 1148 est
357 1083 462 1169 inopia
482 1094 602 1166 septem
622 1103 779 1160 annorum,
797 1091 831 1146 et
851 1081 884 1146 in
903 1083 979 1148 orbe
1001 1081 1068 1148 uni·
1174 1106 1175 1138 v

121 1188 210 1232 verso
225 1167 321 1231 fomes
336 1169 581 1252 ingravescebat

163 1253 256 1316 Tunc
271 1252 418 1336 AEgyptii,
433 1273 510 1334 quos
524 1251 684 1335 premebat
703 1262 836 1338 egestus,
860 1251 1002 1316 adienrnt
1021 1273 1068 1316 re·

121 1355 205 1422 gem,
219 1336 409 1419 postulantes
423 1337 537 1402 cibum.
636 1345 638 1348 '
681 1415 683 1422 y

166 1421 257 1490 Quos
271 1421 393 1485 Pharao
407 1421 583 1486 remittebat
596 1422 635 1484 ud
649 1419 828 1505 Iosephum.

166 1503 229 1568 Hie
250 1516 355 1570 eutem
375 1505 496 1589 aperuit
526 1503 654 1583 horreo,-
673 1514 706 1569 et
733 1503 886 1590 AEgyptiis
918 1505 1070 1570 frumenta

122 1588 271 1653 vendidit.

577 1681 638 1741 55„

166 1774 213 1842 Ex
227 1777 295 1843 aliis
309 1799 432 1862 quoqne
447 1777 624 1862 regionibus
643 1777 885 1844 conveniebatur
906 1777 938 1842 in
952 1776 1069 1862 AEgyp·

123 1872 189 1928 tum
204 1863 244 1926 ed
257 1865 420 1928 emendem
434 1885 599 1928 annonam.

126 1942 285 2094 fisEbdem
316 1949 501 2012 necessitate
532 1946 709 2030 compulsus
734 1946 869 2011 Iacobus
890 1947 974 2012 misit
994 1945 1069 2010 illuc

161 2052 206 2094 ros
220 2052 302 2094 suo.

167 2053 292 2197 Itaques
300 2113 430 2212 profecti
452 2124 524 2177 sunt
545 2112 651 2178 fratres
672 2113 819 2198 Josephi3
841 2115 896 2178 sed
916 2125 1004 2198 pater
1023 2135 1071 2178 re-

125 2199 216 2263 tinuit
230 2201 313 2262 domr
327 2209 402 2262 notu
416 2199 585 2274 minimum,
600 2199 653 2280 qui
674 2199 842 2262 vocabatur
862 2197 1069 2344 Ben{aminus.

168 2284 315 2348 Timebat
328 2283 411 2346 enim
424 2305 464 2346 ne
479 2283 552 2363 quid
566 2283 639 2346 mali
653 2283 683 2346 ei
698 2283 856 2346 accideret
870 2281 902 2346 in
916 2283 924 2344 i
941 2281 1035 2346 inere.

168 2368 366 2464 Benjaminus
386 2387 426 2430 ex
447 2368 556 2430 eedem
578 2377 675 2430 matre
696 2378 785 2430 natus
809 2378 876 2430 eret
899 2366 960 2448 quit
984 2365 1071 2430 Jose·

126 2452 215 2536 phus,
229 2453 361 2534 ideoque
375 2452 405 2514 ei
425 2451 516 2534 longe
532 2451 630 2514 carior
643 2462 708 2514 erat
722 2453 813 2534 quem
826 2451 932 2515 caeteri
953 2449 1069 2526 fratres.

578 2557 628 2617 56.

169 2657 289 2722 Decem
303 2657 420 2736 fratres,
434 2658 487 2721 ubi
501 2657 533 2722 in
548 2667 751 2740 conspectum
773 2656 899 2741 Josephi
913 2667 1071 2733 venerunt,

128 2764 199 2806 eum
214 2744 302 2826 proni
316 2743 452 2806 venerati
468 2753 547 2805 sunt.
699 2755 702 2758 “

170 2827 306 2910 Agnovit
319 2848 373 2890 eos
387 2824 551 2909 Josephus,
562 2847 621 2890 nec
637 2825 702 2910 ipse
717 2836 766 2890 est
778 2827 920 2909 cognitus
934 2828 975 2893 ub
988 2827 1044 2890 eis.

171 2909 280 2973 Noluit
294 2911 430 2974 indicere
450 2909 553 2973 statim
574 2909 642 2990 quis
663 2921 753 2988 esset,
768 2911 822 2974 sed
836 2932 890 2974 eos
904 2911 1074 2992 interrogo-

128 2993 173 3057 vit
185 3004 330 3074 tunquem
345 2994 482 3058 alienos:
504 2994 586 3057 unde
601 2994 734 3071 venistis,
749 3005 782 3058 et
795 3015 858 3075 quo
870 2993 1025 3058 consilio?

170 3077 237 3146 Qui
258 3078 497 3159 responderunt:
528 3078 659 3161 profecti
679 3099 783 3144 sumus
804 3099 823 3143 e
844 3079 971 3163 regione
993 3075 1083 3164 Chn-v

129 3181 210 3226 naen
223 3171 258 3224 ut
271 3169 408 3224 emamus
422 3162 617 3226 frumentum.

171 3245 245 3310 Non
258 3256 306 3308 est
319 3246 372 3323 ita,
388 3246 487 3330 inquit
501 3245 670 3329 Josepbus3
690 3247 746 3312 sed
759 3248 884 3312 venistis
898 3247 959 3310 huc
973 3245 1075 3310 animo

130 3329 255 3395 hostili:
273 3328 364 3426 vultis
385 3331 544 3413 explorare
566 3342 684 3395 nostras
697 3333 790 3396 urbes
811 3341 844 3395 et
864 3333 934 3398 loca
948 3330 1075 3416 AEgypti

131 3433 237 3497 porum
250 3425 378 3479 munita.

172 3498 215 3562 At
242 3497 308 3563 illi:
334 3499 470 3622 minime,
494 3501 656 3582 inquiunt:
682 3499 759 3564 nihil
783 3501 857 3565 mali
884 3500 1075 3565 meditamur-
