2386 3822
586 191 637 264 st

188 369 308 436 Pudore
321 370 441 450 amisso,
455 370 555 438 omnis
567 370 661 436 uirtus
674 369 745 436 ruit.

188 455 263 520 Sole
276 456 403 535 oriente,
414 455 536 541 fugiunt
549 455 695 520 tenebras.

187 539 295 606 otium
304 541 407 609 omnia
419 540 502 606 mula
514 541 608 607 docet
620 539 845 605 adolescentes·

159 635 165 646 “
188 622 270 688 Dum
285 625 383 690 vitant
396 625 480 690 stulti
494 624 577 702 vitia,
592 623 624 686 in
638 621 791 688 contrarie
804 628 941 686 cernunt.

187 790 306 856 Codrus
319 812 375 875 pro
389 792 487 875 petris
499 803 635 858 mortuus
649 802 706 856 est.

188 873 289 939 Deum
302 877 497 960 agnoscimus
510 898 549 942 ex
562 876 706 960 operibus
719 875 796 961 ejus.

187 959 287 1024 Video
300 961 429 1024 meliora
440 961 608 1044 proboque,
622 959 776 1025 deteriora
787 976 910 1041 sequor.

189 1042 243 1106 Sol
258 1044 289 1106 in
302 1045 405 1108 medis
417 1045 522 1108 mundi
536 1045 609 1109 sede
624 1044 752 1108 locatru.

188 1125 261 1190 Fert
274 1127 431 1192 Britannia
444 1149 551 1194 aunum
566 1139 599 1192 et
611 1139 784 1212 argentum.

187 1209 383 1293 Reipublicae
398 1213 474 1278 nihil
487 1213 554 1296 spei
568 1211 718 1294 reliquum
732 1221 790 1276 est.

188 1291 284 1362 Quod
299 1298 419 1381 assequi
432 1318 495 1362 non
508 1306 619 1380 potest,
633 1297 720 1377 sequi
732 1294 855 1360 docuit.

188 1377 314 1444 Desidid
326 1402 438 1466 corpus
451 1381 629 1464 animusque
644 1380 877 1464 *conumpitun

189 1546 311 1614 Nobilis
323 1570 420 1634 equus
434 1551 541 1616 umbris
554 1550 648 1636 virge
663 1570 786 1634 quoque
798 1549 937 1634 regitur3

189 1631 320 1716 Ignarus
333 1655 372 1699 ne
387 1634 501 1700 calcari
515 1635 639 1716 quidem
652 1633 801 1699 concitari
815 1643 927 1718 potest

144 1765 150 1796 ,
188 1716 281 1782 Ferro
293 1729 440 1800 geruntur
453 1717 547 1794 bella,
560 1739 623 1782 non
636 1738 721 1782 suro.

188 1799 301 1864 Omnia
314 1802 454 1866 breviora
467 1803 486 1842 ὓ
496 1802 605 1865 reddet
619 1803 704 1880 ordo,
718 1811 751 1866 et
763 1804 882 1867 modus.

187 1882 336 1966 Agricola
348 1885 473 1950 incurvo
487 1897 597 1948 terrem
610 1885 737 1950 dimont
750 1897 860 1950 aratro.

186 1966 386 2034 Incolumitas
399 1981 432 2044 et
445 1971 541 2034 decus
554 1971 664 2034 eodem
677 1969 746 2034 loco
760 1970 819 2034 rita
830 1979 911 2036 orni.

187 2050 296 2118 Omnis
309 2054 402 2118 virtus
415 2055 448 2120 in
461 2055 584 2120 actione
598 2055 747 2120 consistit.

188 2134 275 2205 Quid
289 2139 390 2203 verbis
402 2160 480 2224 opus
493 2139 563 2204 est?
586 2139 769 2224 Spectentur
781 2138 914 2223 egendo.

186 2303 374 2371 Reluctante
387 2307 505 2385 natura,
520 2307 620 2372 irritus
633 2306 721 2372 labor
733 2316 790 2372 est.

187 2389 224 2453 In
238 2389 313 2474 sugb
325 2391 455 2456 sulutem
468 2410 600 2475 sperare,
613 2391 769 2456 dementia
782 2401 839 2456 est.

188 2475 355 2556 Nunquam
368 2475 535 2542 eminentia
547 2476 662 2540 invidie
674 2486 792 2540 curent.

187 2557 310 2706 {pneris
324 2561 467 2642 precibus
481 2559 603 2624 fortuna
616 2569 777 2645 repugnet.

220 2643 337 2707 omines
351 2643 481 2727 amplius
494 2643 593 2708 oculis
606 2645 697 2725 quun
710 2644 834 2709 auribus
847 2644 988 2712 creduut·

187 2727 219 2791 N
220 2748 261 2790 on
274 2738 322 2791 est
335 2740 453 2793 rectum
466 2729 574 2794 minori
589 2749 695 2812 perere
708 2729 865 2812 majorem.

189 2811 318 2876 Praestet
332 2813 446 2878 nemini
459 2814 608 2898 imperare
622 2813 713 2895 quim
727 2813 820 2876 elicui
835 2812 958 2878 servire.

187 2896 325 2980 Insignis
337 2897 455 2962 virtutis
466 2897 555 2962 multi
569 2898 635 2962 siue
649 2899 758 2962 virtute
772 2897 905 2962 assecuti
919 2906 1001 2964 suut.

147 3066 244 3163 Perua
256 3046 487 3150 sepe-scintilla
499 3073 679 3151 contempte
689 3086 837 3153 magnum
849 3066 965 3132 excitu
978 3066 1091 3134 ucen-

147 3150 345 3318 Pyiiiffdras
358 3235 433 3300 cium
444 3235 477 3299 in
489 3237 658 3318 geometri&
670 3207 813 3319 quaedem
826 3235 898 3300 novi
911 3234 1088 3314 invenisset,

189 3319 283 3382 musis
296 3319 407 3384 bovam
420 3319 591 3384 immoldsse
604 3321 726 3386 dicitur.

178 3454 191 3479 ⁴‘
202 3450 258 3499 'l'he
269 3453 328 3500 verb
346 3453 407 3502 here
423 3469 511 3520 agrees
529 3454 590 3504 with
598 3469 645 3504 one
655 3453 686 3508 of
697 3453 740 3506 tha
757 3453 932 3516 substantivas,
943 3455 991 3506 aud
1010 3454 1089 3506 uun

148 3514 262 3564 derstocd
270 3514 332 3566 with
340 3521 437 3580 respect
447 3523 473 3567 to
483 3514 526 3566 ue
534 3517 624 3568 others.
