2386 3822
595 211 643 285 63

592 397 661 454 ror.

193 495 336 582 Fugienti
350 495 486 560 occurrit
505 495 550 558 vir
571 494 730 576 quideme
749 513 862 576 genere
881 494 993 572 Saiilis,
1006 513 1094 558 nom·

151 581 201 645 ine
216 583 331 658 Sernei,
346 581 398 663 qui
413 579 509 662 coepit
532 577 683 642 Davidem
707 577 835 662 ejusque
857 579 985 642 comites
997 579 1093 641 rnale·

149 666 243 729 dictis
257 677 290 728 et
304 665 458 746 lapidibus
472 672 629 746 appetere.

192 750 289 819 Quod
302 749 347 813 illi
361 749 485 832 indigne
501 747 633 810 ferentes
654 745 801 809 volebant
820 745 929 808 ulcisci
943 745 1093 830 injuriam,

149 845 183 898 et
195 833 340 896 maledici
354 831 569 897 conviciatoris
583 840 678 912 caput
691 842 862 913 amputare.

194 919 238 981 At
265 917 364 981 David
386 910 440 980 ebs
461 915 619 979 cohibuit:
650 915 751 992 sinite,
776 914 885 995 inquit,
907 912 999 976 istum
1018 913 1094 978 mihi

150 1001 355 1082 maledicere3
377 1001 503 1065 forsitan
523 999 619 1076 Deus,
640 998 779 1080 hisquae
800 997 900 1080 patior
918 997 1008 1060 malis
1029 997 1095 1081 pla·

149 1096 248 1162 cetus,
261 1086 322 1149 mei
336 1086 538 1159 miserebitur,
552 1093 586 1146 et
595 1103 660 1146 rem
674 1082 818 1146 afflictam
831 1081 981 1144 restituet.

200 1169 418 1234 Incredibilem
452 1168 533 1252 regis
569 1166 748 1251 patientiam
790 1165 930 1230 admirmi
964 1167 1094 1232 comites

148 1254 235 1318 dicto
249 1255 331 1338 tegre
346 1263 523 1339 paruerunt.

590 1375 659 1432 125.

193 1471 341 1551 Absalon‚
369 1473 509 1558 profecto
530 1483 626 1556 patre,
663 1471 817 1556 ingressus
847 1482 894 1536 est
917 1469 1095 1556 Hierosoly·

149 1579 242 1633 mam,
272 1558 377 1638 ibique
407 1556 586 1638 aliquandiu
607 1568 743 1619 moratus
764 1566 820 1634 est,
843 1577 911 1638 quae
933 1577 982 1620 res
1004 1556 1094 1620 saluti

151 1643 210 1706 luit
223 1641 352 1724 David13
372 1663 444 1706 nam
465 1641 587 1705 interim
607 1639 708 1704 David
722 1638 850 1726 collegit
868 1641 1094 1724 copiosaeque

151 1727 192 1790 ad
206 1725 323 1790 bellum
339 1725 536 1808 comparavit.

193 1809 263 1874 Jam
287 1811 393 1873 ederet
407 1809 545 1874 Absalon
559 1831 631 1872 curn
652 1809 799 1889 exercitu,
814 1821 846 1874 et
860 1810 1001 1895 praelium
1023 1831 1096 1874 mox

150 1905 217 1958 erat
230 1894 482 1958 committendum
492 1915 503 1974 3
523 1903 684 1958 suaserunt
704 1895 769 1978 regi
790 1895 837 1960 sui
859 1895 989 1960 comites
1007 1905 1042 1958 nt
1054 1915 1095 1960 ne

153 1980 313 2042 interesset
327 1978 497 2042 certamini.

195 2063 393 2146 Quapropter
406 2061 507 2126 David
524 2060 656 2126 Jcabum
678 2063 740 2126 suis
761 2062 860 2144 copiis
884 2062 1035 2147 praefecit,
1048 2083 1096 2126 se·

150 2167 211 2230 que
227 2148 257 2211 in
272 2147 381 2210 urbem
395 2146 528 2208 vicinam
542 2143 684 2210 contulit.

194 2231 312 2296 Abiens
340 2241 442 2294 antem
464 2231 614 2314 precepit
638 2228 737 2294 Joabo
760 2231 943 2312 caeterisque
964 2220 1096 2304 ducibus

151 2327 188 2378 ut
201 2315 351 2380 Abssloni
371 2325 543 2400 parcerent,
566 2314 686 2397 sibique
708 2315 805 2378 filium
826 2315 1013 2378 incolumem
1034 2335 1083 2378 ser

152 2409 267 2464 tarent.

599 2523 668 2584 126.
722 2592 725 2598 f

198 2623 318 2688 Acriter
340 2634 511 2707 pugnatum
532 2634 580 2688 est
604 2623 767 2706 utrinque;
788 2623 853 2701 sed,
874 2622 943 2688 Deo
963 2622 1095 2702 favente,

154 2708 283 2772 victoria
296 2728 392 2789 penes
406 2707 556 2771 Davidem
571 2707 638 2770 fuit.

194 2793 299 2888 Terga
313 2801 469 2854 verterunt
491 2791 657 2856 Absalonis
679 2793 834 2871 rnilites‚e
857 2795 968 2876 quibus
988 2791 1095 2878 viginti

152 2873 326 2939 duomrllia
340 2874 531 2938 ceciderunt.
802 2939 803 2944 ,

196 2957 334 3022 Absalon
363 2957 484 3042 lugiens
507 2957 591 3022 mulo
615 2959 785 3042 insidebat3
809 2973 875 3026 erat
896 2974 999 3025 antem
1026 2980 1096 3042 pro-

152 3041 246 3106 misso
259 3052 291 3104 et
304 3043 401 3104 denso
416 3043 548 3124 capillo:
802 3117 804 3124 y

195 3121 278 3189 Dum
292 3125 444 3207 praecipiti
458 3145 549 3188 cursu
564 3125 657 3190 fertur
671 3128 777 3191 subter
796 3131 923 3192 densam
937 3147 1095 3208 quercum,

153 3229 245 3273 corna
267 3209 334 3292 ejus
357 3209 515 3292 implicata
535 3221 583 3272 est
604 3211 705 3288 ramis,
726 3222 758 3274 et
779 3213 844 3296 ipse
867 3231 1028 3294 suspensus
1042 3210 1096 3275 ad-

152 3293 252 3370 haesit,
266 3291 352 3355 mulo
366 3293 487 3355 interim
502 3303 716 3394 praetereunte‚
731 3307 764 3358 et
777 3316 901 3360 cursum
915 3305 1074 3379 pergente.

595 3413 632 3470 12
656 3455 664 3470 .

200 3479 281 3571 Vidit
295 3505 419 3590 quidam
433 3505 620 3588 pendentem
634 3415 841 3582 7Absalonem,
855 3525 913 3572 nec
938 3527 1028 3570 ausus
1050 3516 1095 3568 est
