2386 3822
556 155 604 226 72

201 402 213 428 ’
325 437 479 494 convns
509 338 823 494 udqnencuams.

143 531 269 608 Corvus,
283 528 394 614 laqueo
408 540 528 614 captus,
542 527 680 626 Apollini
696 540 731 592 ut
748 549 841 613 opem
864 525 957 595 ferret
977 547 1051 611 sup·

102 613 209 699 plicat,
223 613 312 678 thura
325 624 359 679 et
375 615 486 679 odores
507 613 550 676 illi
565 611 739 678 'incendere
754 612 921 696 pollicitus.
964 611 1050 677 Peri-

102 697 175 764 culo
189 697 345 776 liberatus,
360 698 427 784 ejus
442 699 524 779 quod
539 698 720 781 promiserat
733 697 847 761 oblitus
862 707 919 760 est.

144 783 262 848 Rursus
299 782 360 846 alio
386 781 519 846 irretitus
548 780 670 864 laqueo,
708 781 854 865 Apolline
882 782 1049 864 praeterito,

101 866 290 932 Mercurium
320 866 484 943 invocavit,
512 867 666 950 spondens
697 868 727 930 ei
762 885 851 930 sacra
885 866 1046 930 facturum.

101 952 161 1016 Cui
185 951 248 1030 ille,
263 952 416 1035 Apagete,
430 950 568 1014 omnium
587 949 794 1033 nequissime,
814 971 877 1014 non
898 961 946 1013 est
967 949 1048 1032 qubd

102 1033 159 1100 tibi
173 1037 265 1100 fidem
279 1035 421 1113 habeam,
436 1035 488 1116 qui
502 1035 653 1118 prioribus
673 1037 747 1098 non‘
758 1034 868 1098 stetisti
881 1034 1049 1133 promissis,

102 1130 135 1185 et
148 1119 286 1206 Apollini
302 1118 456 1184 liberatori
471 1119 611 1184 debitum
624 1120 761 1184 nondum
776 1117 900 1183 solvisti.

557 1263 610 1322 eo,

429 1371 430 1374 ‘
480 1355 685 1438 'cocnnnn

143 1487 246 1566 Canis,
273 1488 345 1552 cirm
373 1485 450 1550 forte
472 1484 635 1550 cochleam
653 1483 841 1562 offendisset,
870 1503 961 1551 ovum
981 1505 1049 1550 esse

102 1585 195 1650 ratus,
225 1592 341 1656 magno
369 1569 430 1634 oris
463 1568 551 1633 hiatu
582 1568 752 1632 avidissime
782 1589 852 1632 eam
882 1567 1048 1632 devoravit.

101 1658 169 1724 Iliis
182 1667 288 1720 autem
307 1655 441 1739 graviter
464 1651 651 1730 dolentibus,
674 1652 879 1730 exclamabat,
892 1652 962 1717 Ab!
983 1673 1049 1716 rne-

102 1743 176 1808 rites
203 1741 256 1805 luo
282 1739 419 1804 stultitiae
441 1758 560 1822 poenas,
581 1737 634 1820 qui
656 1735 759 1801 omnia
779 1738 910 1804 rotunda
931 1735 1048 1804 credidi

102 1847 170 1893 esse
184 1845 254 1890 ova.
279 1844 284 1854 ·

548 1931 601 1989 21.

421 2049 549 2110 CULEX
578 2050 628 2108 nl*
658 2051 738 2108 BOS.

142 2164 251 2243 Culex,
271 2164 304 2228 in
325 2181 423 2228 comu
455 2161 543 2226 bovis
571 2161 716 2239 insidens,
743 2178 930 2244 conansque,
962 2158 1050 2226 illum

103 2249 321 2336 interrogabat,
341 2245 492 2330 numquid
514 2247 635 2311 avolare
658 2267 692 2311 se
705 2245 808 2324 vellet,
823 2255 858 2309 ut
871 2245 925 2330 qui
946 2246 1050 2310 forsan

103 2333 218 2398 collmn
230 2333 426 2416 deprimeret.
469 2328 570 2408 Nihil,
585 2331 693 2413 inquit,
711 2331 839 2396 interest
851 2351 930 2410 mea,
949 2333 1050 2395 utrium

102 2439 243 2484 maneres
257 2437 298 2482 an
312 2417 450 2480 avolares
464 2439 474 2496 3
495 2423 530 2478 ut
552 2415 635 2479 enim
658 2435 721 2480 non
742 2416 823 2480 sensi
838 2416 1050 2480 accessionem

104 2513 197 2581 tuam,
211 2502 307 2592 itane
320 2500 542 2565 discessionem
555 2499 680 2584 quidem
694 2521 830 2566 sensero.

552 2645 604 2704 22.

395 2757 539 2814 Iuncus
566 2755 616 2814 m*
646 2755 756 2812 VITIS.

145 2863 224 2930 Ciun
246 2860 315 2926 vitis
342 2861 504 2946 pampinos
528 2859 646 2938 ederet,
667 2881 721 2926 eos
742 2861 908 2928 arrodabat
928 2859 1051 2926 bircus:

104 2947 274 3036 quoddam
288 2945 414 3022 laceret,
427 2945 472 3010 its
485 2965 557 3010 eum
572 2945 714 3028 increpat
728 2943 807 3010 vitis.

101 3113 125 3184 *b
145 3037 209 3100 Cur
220 3042 257 3162 tp
268 3047 340 3098 naec
352 3027 429 3096 folia
449 3028 551 3117 carpis
561 3029 575 3094 i
596 3049 700 3094 nonne
719 3027 795 3094 satis
815 3031 967 3114 superque
980 3027 1050 3095 ber·

126 3140 232 3184 arum.

145 3203 224 3268 Ciam
237 3210 340 3281 nutem
352 3199 446 3266 uitem
458 3199 628 3285 depascere
642 3210 786 3284 pergeret
797 3197 902 3266 hircus
911 3221 922 3278 ;
942 3197 1050 3273 Quan-

105 3285 169 3350 tirm
182 3295 292 3368 potest,
305 3285 405 3368 inquit
423 3284 502 3362 vitis,
525 3283 600 3347 mihi
624 3293 758 3348 noceto:
780 3305 842 3368 ego
864 3293 967 3348 tamen
987 3281 1050 3345 vini

3 3439 4 3442 ,
104 3379 225 3516 tarrturfp1
237 3368 346 3462 tulero,
360 3379 520 3452 quantum,
534 3379 565 3435 te
579 3378 723 3444 mactato,
747 3367 787 3432 nd
811 3365 970 3434 libandum
990 3364 1050 3430 diis

2 3474 7 3515 r
105 3464 178 3516 sans
226 3461 292 3518 ent.
