2386 3822
580 177 676 263 71,

578 361 627 422 16.

536 479 666 536 RANAE.

170 573 356 638 lncolebant
376 570 538 635 ranunculi
561 572 624 634 duo
645 571 814 656 paludem:
834 571 895 654 qui
916 593 970 656 per
984 581 1073 636 asta·

128 672 191 723 tem
205 657 371 732 exsiccate,
385 655 502 719 relictis
524 655 648 718 sedibus
669 655 740 734 illis,
767 658 940 740 pergebant
963 657 1075 738 quaesi·

129 752 194 806 tum
223 741 310 818 alias,
333 741 465 822 cumque
486 739 640 803 venissent
660 741 700 802 ed
722 740 905 822 profundum
926 751 1075 824 puteum;

130 826 201 904 Hic,
227 825 327 906 inquit
347 845 435 900 unus,
457 824 615 888 commode
638 825 839 902 manebimus,
860 844 962 908 neque
985 823 1075 888 facile

131 909 226 974 alium
240 910 344 972 locum
359 908 517 980 meliorem
531 908 666 971 invenire
681 908 858 990 poterimus.

173 993 231 1057 Cui
246 992 403 1076 respondit
423 991 510 1067 alter,
525 991 652 1056 Placere
666 1002 700 1055 et
712 991 769 1056 sibi
793 991 906 1069 locum,
921 991 975 1056 sed
998 989 1078 1056 erbi-

132 1079 204 1164 trari
226 1099 269 1155 se,
297 1075 471 1159 priusquam
493 1075 546 1138 illo
567 1075 737 1153 desilirent,
763 1076 1030 1154 considerandum,
1051 1075 1077 1140 si

132 1168 194 1244 quo
221 1183 296 1226 casu
317 1171 350 1224 et
370 1160 433 1224 illas
455 1179 545 1242 aquae
572 1159 780 1238 recessissent,
801 1161 863 1243 qui
891 1160 1010 1224 ratione
1036 1160 1078 1224 de

133 1257 228 1330 puteo
242 1245 367 1312 redituri
381 1255 494 1310 essent.

571 1421 619 1477 17.

433 1537 508 1593 Leo
537 1537 587 1592 ΕΤ
618 1535 785 1594 ONAGER.

176 1653 244 1718 Leo
258 1662 291 1716 et
305 1672 421 1737 onager
434 1661 578 1714 venetum
599 1649 706 1728 ibant;
727 1648 779 1713 ille
801 1648 946 1731 equidem
966 1649 1081 1716 uiribtu

135 1737 251 1818 fretus3
271 1737 322 1800 hic
335 1737 407 1800 vero
421 1733 535 1818 pedum
549 1731 725 1798 velocitate.
769 1733 859 1798 Parte
879 1746 983 1800 auteur
995 1757 1082 1822 mag-

136 1823 176 1885 mi
196 1821 310 1905 praedi,
325 1819 408 1885 leoni
422 1817 540 1902 placuit
554 1818 638 1882 illam
651 1818 798 1896 dividere,
812 1818 891 1884 etin
905 1830 965 1884 tres
979 1833 1081 1906 partes

136 1907 183 1973 dis
205 1905 307 1969 ertire.

179 1928 254 2060 (pluo
268 1989 360 2067 facto,
374 1989 434 2066 leo,
449 1997 483 2051 ut
497 1985 607 2064 serunt,
621 1986 664 2050 ita
678 1987 800 2050 locutus
821 1998 887 2050 est:
908 1988 1000 2051 Hanc
1015 1987 1082 2069 qui-

136 2073 208 2137 dem
229 2073 351 2154 cepiem
381 2095 420 2137 ex
448 2073 600 2156 dignitate
629 2071 708 2146 mela,
737 2080 844 2152 utpote
867 2070 998 2133 ferarum
1019 2091 1082 2148 rex,

137 2157 265 2222 alteram
278 2158 349 2220 vero
370 2179 409 2221 ex
427 2157 510 2242 juste
530 2154 698 2232 divisione3
720 2165 752 2216 at
773 2154 863 2217 tertia
883 2173 1029 2238 magnum
1050 2155 1082 2219 in

136 2243 283 2306 darnnum
297 2241 353 2306 tibi
367 2242 469 2318 cedet,
483 2240 526 2317 ni,
539 2240 578 2304 ee
591 2237 709 2316 relicti,
724 2238 876 2323 aufugias.

594 2416 643 2473 re.

459 2529 560 2586 runa
590 2489 763 2584 uuunnu.

181 2636 270 2713 Puer,
284 2646 388 2700 custos
409 2635 521 2712 ovium,
536 2633 623 2716 quasi
637 2633 744 2715 lupum
766 2633 980 2698 advenientem
993 2635 1084 2700 vidis·

138 2733 195 2797 set,
210 2741 301 2803 opem
322 2719 504 2782 rusticorum
524 2717 717 2801 implorabat,
731 2715 877 2794 clamans,
901 2717 1008 2783 Heus!
1031 2719 1085 2782 ad·

138 2816 225 2882 este;
246 2804 322 2866 mihi
336 2823 355 2866 a
369 2803 444 2886 lupo
458 2801 638 2866 succurrite.

180 2886 302 2952 Rustici
316 2887 410 2969 pleno
424 2887 522 2970 gradu
544 2886 583 2950 ed
599 2907 727 2968 puerum
742 2898 927 2968 accurrunt3
948 2887 1085 2971 lupoque

137 2992 290 3053 nusquam
304 2981 482 3054 apparente,
497 2971 538 3035 ad
551 2991 646 3054 opera
660 2991 716 3034 sua
730 2971 869 3034 redeunt.

180 3057 321 3136 Cumque
336 3053 498 3136 aliquoties
512 3075 567 3138 per
589 3053 691 3117 lusum
712 3054 795 3117 idem
816 3053 939 3118 fecisset
953 3073 1039 3137 puer,
1053 3063 1087 3120 et

138 3161 194 3204 eos
218 3138 402 3220 decepisset,
416 3139 469 3220 qui
484 3138 630 3202 auxilium
654 3139 768 3204 illaturi
789 3139 998 3219 advenerant3
1019 3149 1087 3202 tan·

137 3226 221 3301 dem,
236 3222 310 3306 lupo
324 3223 467 3301 irruente,
487 3221 654 3286 miserabili
676 3243 753 3288 voce
776 3223 892 3298 orabat,
916 3231 950 3284 ut
977 3222 1087 3288 subve-

138 3309 255 3372 niretur
269 3306 328 3369 sibi
341 3317 375 3370 et
387 3306 485 3390 gregi.

181 3391 248 3461 Qui
261 3391 333 3454 vero
348 3391 524 3468 audiebant,
538 3389 643 3456 ludere
657 3392 744 3470 illum
766 3393 880 3472 pariter
901 3411 938 3454 ac
953 3394 1024 3457 ante
1040 3411 1088 3454 ar·
1117 3415 1121 3424 ·

137 3475 253 3553 bitreti,
267 3496 376 3559 preces
390 3485 422 3539 et
436 3475 623 3558 plorationes
638 3476 706 3540 vani
721 3473 808 3560 pueri
822 3473 1035 3560 neglexerunt
