2386 3822
574 189 621 260 84

542 453 650 508 Lfflfl.

164 627 258 692 Haud
292 627 419 712 vulgare
448 625 635 690 beneficium
666 638 714 691 est
743 628 775 692 in
804 628 897 697 rebor
930 627 1066 694 honestis

123 712 261 792 leuderi3
283 711 349 776 leus
376 711 458 774 enim
479 710 558 794 parit
579 711 817 788 aemuietionem,
838 711 995 778 emulatio
1008 713 1067 776 vir-

123 807 230 874 tutem,
244 797 338 860 virtus
353 793 541 860 felicitatem.

166 881 284 944 Bonum
308 891 355 944 est
379 878 507 954 laudari,
520 879 575 942 sed
611 880 782 946 raestantius
802 893 850 946 est
870 903 937 946 esse
960 880 1067 947 latnie-

123 963 227 1027 bilem.
271 964 434 1028 Neminem
448 961 511 1024 citd
526 961 577 1026 lau
599 983 627 1040 a,
641 965 795 1028 neminem
809 965 872 1028 citir
886 966 1034 1048 vitupera.
1186 1021 1187 1028 ,

164 1049 313 1132 Teipsum
334 1068 393 1110 nec
407 1046 570 1129 vituperes,
585 1069 643 1112 nec
658 1047 785 1112 laudes:
806 1060 969 1132 utrumque
983 1051 1067 1115 euim
1186 1069 1187 1074 ¹

122 1133 322 1196 videturesse
337 1131 511 1194 affectantis
525 1131 647 1195 inanem
660 1129 800 1214 gloriam.

165 1217 228 1290 Qui
250 1237 283 1280 sc
309 1215 423 1293 laudat,
441 1215 508 1299 ipse
529 1216 575 1279 sui
596 1216 690 1303 ipsius
711 1217 887 1302 praeconem
909 1239 1001 1302 agere
1022 1218 1068 1281 vi·
1186 1281 1187 1296 p

121 1302 212 1366 detur
220 1323 229 1380 ς
251 1300 303 1383 qui
317 1301 387 1364 veri)
401 1321 434 1363 sc
449 1300 608 1382 vituperat,
624 1299 752 1382 eliorum
766 1301 873 1364 laudes
887 1302 1038 1388 flugitare.

165 1469 237 1535 Nou
251 1469 345 1534 refert
367 1479 436 1555 quot
457 1469 599 1533 laudibus
621 1478 652 1532 te
674 1468 844 1547 celebrent,
868 1471 923 1534 sed
947 1469 1069 1558 quales3
1186 1499 1187 1544 p

123 1577 195 1619 nam
209 1556 248 1617 ab
262 1554 408 1638 improbis
422 1553 539 1617 laudari
553 1553 735 1635 vituperium
749 1564 805 1618 est.

166 1639 248 1702 Laus
263 1659 334 1702 veru
347 1649 395 1702 est
408 1637 462 1702 illa
475 1658 545 1720 quae
559 1657 579 1700 e
593 1637 718 1701 laudato
731 1639 795 1702 viro
809 1638 1024 1720 proficiscitur.

166 1723 237 1786 Non
250 1723 350 1786 minim
364 1721 529 1786 laudatoris
551 1721 735 1805 inspiciendi
759 1733 831 1786 sunt
853 1743 962 1800 mores,
977 1724 1068 1806 quini
1186 1725 1187 1730 ’

122 1807 189 1892 ejus
203 1807 256 1888 qui
271 1805 421 1870 laudatur.

166 1891 247 1955 Vera
260 1891 354 1953 virtus
367 1912 430 1953 non
444 1899 518 1972 eget
531 1888 621 1954 laude
645 1889 763 1971 alieud3
783 1893 854 1956 oiun
879 1892 945 1975 ipsu
959 1877 1068 1954 securri
1186 1907 1187 1910 ’

123 1975 219 2040 ducet
232 1995 318 2038 suam
334 1974 456 2039 luudem
469 1995 507 2038 ac
521 1974 628 2038 decos.

166 2061 210 2126 Ut
223 2069 382 2124 crescente
397 2059 505 2124 umbrd
526 2059 576 2123 vel
598 2061 809 2137 decrescente,
831 2078 943 2142 corpus
964 2066 1068 2121 autem
1186 2087 1187 2090 ¹

124 2146 206 2213 idem
219 2154 284 2223 est;
305 2145 348 2208 ito
361 2165 421 2208 nec
437 2143 608 2207 meliorest
622 2145 791 2226 quisquam,
805 2145 879 2207 dom
893 2143 987 2227 vulgo
1002 2143 1069 2205 lau-

124 2231 231 2310 detur3
252 2250 312 2294 nec
326 2229 422 2314 pejor,
436 2229 510 2292 dum
523 2227 721 2311 vituperatur.
1062 2243 1065 2260 ¹

481 2411 719 2467 CURIOEI'I'AU.
760 2417 762 2424 '

85 2619 90 2630 .
167 2567 259 2632 Multi
274 2578 344 2632 sunt
357 2567 468 2632 curiosi
493 2571 532 2633 ad
556 2568 806 2652 cognoscendum
819 2565 913 2630 vitum
927 2565 1071 2642 alienam,

126 2654 217 2737 pauci
232 2653 359 2716 studiosi
372 2653 413 2716 ed
426 2653 641 2738 corrigendum
654 2672 750 2715 suom.

167 2737 334 2800 Curiositus
362 2737 441 2802 sores
462 2739 628 2822 egreditur,
654 2747 687 2800 et
716 2736 819 2800 onmia
840 2734 975 2801 uudiose
995 2753 1072 2798 con-

126 2821 261 2901 siderat3
283 2820 402 2884 interna
416 2816 487 2886 vcrd
501 2820 643 2906 negligit.

168 2905 280 2970 Aliena
290 2905 408 2970 curiose
423 2918 611 2972 scrutantem
626 2904 748 2986 proprie
761 2905 902 2989 ignorare
912 2914 1001 2985 turpe
1013 2911 1072 2965 est.

5 3047 6 3066 r
168 2991 297 3056 Praestot
311 2990 423 3072 saepius
437 3011 509 3055 cum
529 2991 631 3074 seipso
644 2990 736 3071 quium
757 3008 830 3054 cum
852 2987 989 3052 externis
1005 2984 1074 3050 col-

5 3093 6 3144 i
127 3077 158 3140 lo
180 3076 222 3142 ui.

5 3154 6 3170 ¹
33 3167 36 3170 '
159 3098 279 3306 {⁴⁰⁸⁰}
290 3157 446 3242 cupiditas
459 3169 508 3223 ert
529 3159 637 3244 ignote
653 3156 877 3242 cognoscendi,
891 3155 985 3238 quim
998 3164 1075 3219 note

127 3253 258 3324 repeton
281 3244 300 3306 i.

170 3326 201 3388 N
203 3347 243 3388 on
263 3328 392 3394 multum
406 3329 534 3392 nocebit
548 3328 604 3392 tibi
618 3329 677 3392 ists
690 3327 827 3406 transire,
840 3347 911 3410 quie
925 3345 986 3390 neo
1000 3322 1077 3386 licet

127 3409 206 3472 scire
228 3431 287 3474 neo
310 3413 445 3494 prodest.
489 3411 651 3494 Quicquid
674 3412 757 3476 enim
780 3433 837 3476 nos
859 3410 1004 3476 meliores
1020 3407 1078 3470 be·

128 3494 299 3574 atioresque
314 3496 476 3574 sucturum,
487 3498 519 3560 in
532 3507 640 3579 operto
654 3496 788 3579 positum
799 3507 859 3560 est.
