2380 3832
545 215 615 285 100

105 395 220 543 genem
234 395 418 472 caelestium,
431 394 620 480 dignumque
638 393 736 458 efficit
749 395 801 477 qui
816 395 848 459 in
861 397 1052 461 consortium

135 480 163 542 ei
178 479 291 543 veniat.
613 504 618 512 ·

148 563 182 626 Si
197 563 237 627 ad
251 564 328 627 airas
347 563 475 628 virtutes
499 565 591 628 animi
613 563 770 628 literamm
801 564 853 628 lur
874 566 1052 642 accesserit,

105 657 170 712 tum
184 649 308 712 demum
332 659 578 712 consummatum
599 647 754 730 quiddam,
768 658 802 710 et
822 649 993 730 perfectum
1007 649 1054 712 vi-

105 732 222 809 demus,
237 733 262 795 si
276 732 308 795 in
323 732 415 796 rebus
429 731 567 794 humanis
582 743 763 814 potestesse
778 732 938 814 perfectio.

148 815 239 880 Aude
261 815 379 880 virtutis
399 815 632 898 amplitudinem
658 815 745 897 quasi
776 815 807 876 in
840 815 936 880 altera
963 816 1052 880 librae

106 897 196 964 lance
211 921 345 984 ponere:
366 911 477 962 terram
491 920 530 964 ea
544 898 615 964 lanx
629 910 661 963 et
674 899 771 964 mun'a
783 899 946 982 deprimet.

474 1053 686 1110 VOLUPTAS.

147 1159 230 1224 Fluit
251 1159 401 1243 voluptas,
415 1161 588 1244 saepiusque
602 1159 748 1242 relinquit
757 1179 868 1224 causas
882 1160 1054 1244 praru‘tendi

107 1245 197 1328 quam
212 1244 404 1308 recordandi.

148 1327 245 1392 Nulla
258 1329 421 1411 capitalior
441 1330 536 1413 pestis
560 1330 652 1412 quem
673 1329 814 1412 voluptas
837 1328 1013 1392 hominibus
1035 1349 1056 1392 a

106 1413 216 1478 nature
228 1414 301 1476 data
315 1423 372 1477 est.
481 1431 483 1440 ’

149 1496 239 1562 Plato
252 1498 442 1580 voluptatem
455 1517 560 1562 escam
572 1497 722 1562 malorum
735 1497 881 1581 appellat.

149 1581 300 1666 Voluptas
313 1594 388 1660 tum,
403 1583 472 1646 crim
486 1582 617 1646 maxime
631 1581 777 1660 delectat,
791 1581 991 1666 extinguitur.

149 1665 331 1748 Voluptates
344 1665 589 1748 contemplemur
602 1687 664 1728 non
678 1666 845 1742 venientes,
859 1665 914 1728 sed
936 1667 1056 1730 abeun-

107 1762 174 1815 tes:
196 1750 354 1813 venientes
377 1749 461 1814 enim
485 1749 589 1813 fircati
611 1751 717 1833 speeie
740 1750 957 1830 blandiuntur3
979 1751 1055 1816 abe·

108 1844 198 1899 untes
212 1833 350 1896 dolorem
364 1833 551 1916 relinquunt.

150 1917 272 1982 Attalus
294 1917 419 1982 Stoicus
439 1917 544 1981 dicere
566 1918 698 1997 solebat,
720 1918 808 1984 Malo
828 1942 871 1984 me
883 1917 1009 2006 fortuna
1022 1919 1056 1983 in

106 2002 206 2068 castris
218 2002 287 2080 anis,
301 2003 387 2090 mun
400 2003 432 2066 in
445 2001 554 2066 edatis
567 2003 679 2068 mucor.

149 2174 256 2238 Nemo
269 2173 367 2256 ipsam
380 2172 580 2255 voluptatem,
594 2174 667 2255 quia
687 2173 828 2257 voluptas
846 2174 895 2252 sit,
910 2193 1055 2256 asperna-

108 2267 167 2337 tur,
181 2270 234 2324 aut
248 2258 323 2335 odit,
338 2268 392 2321 aut
406 2256 506 2342 lirgit3
526 2259 582 2322 sed
606 2258 679 2340 quia
699 2268 927 2340 consequantur
948 2257 1055 2342 magni

108 2344 229 2407 dolores
240 2365 304 2420 eos,
315 2341 368 2425 qui
382 2363 455 2406 cum
469 2342 586 2407 ratione
596 2343 786 2425 voluptutem
799 2343 887 2424 ecqui
900 2342 1054 2407 nesciunt.

151 2427 334 2510 Voluptates
370 2425 575 2509 agricolarum
608 2427 683 2490 mihi
715 2426 755 2488 ad
790 2427 935 2510 sapientis
962 2425 1056 2490 vitam
1182 2511 1183 2514 Ἴ

110 2512 245 2595 proxime
261 2510 413 2576 accedere
427 2510 578 2574 videntur.

152 2595 248 2676 Siqua
262 2605 386 2678 propter
407 2594 596 2678 voluptatem
619 2593 759 2676 nequiter
783 2595 927 2674 feceritis,
948 2594 1058 2690 volup-

110 2691 156 2744 tas
170 2679 233 2741 cito
247 2679 355 2755 abibit,
370 2678 508 2760 nequitia
521 2679 593 2742 vero
607 2679 691 2761 apud
704 2699 758 2744 vos
772 2701 892 2762 semper
905 2680 1056 2744 manebit.

153 2762 336 2845 Voluptates
349 2763 423 2828 istas
446 2774 577 2841 sectare,
591 2783 661 2846 qum
680 2785 751 2828 cum
773 2763 872 2850 gloriis
893 2774 965 2828 sunt
982 2784 1059 2827 con·

4 2899 6 2904 .
107 2850 236 2936 junctae.

507 2989 659 3045 PATRIA.

153 3105 256 3170 Patrila
279 3102 356 3167 nihil
379 3103 511 3180 dulcius,
525 3103 602 3166 nihil
616 3104 718 3168 canus
739 3104 771 3168 in
785 3105 847 3168 vitia
859 3123 928 3168 esse
941 3103 1058 3170 debet:
1179 3143 1180 3154 .

112 3191 214 3254 nullus
228 3188 316 3252 locus
331 3198 378 3250 est
391 3186 560 3249 domestici
574 3187 648 3250 sede
659 3187 835 3272 jucundior.

153 3274 225 3337 Cari
252 3282 324 3336 sunt
351 3270 449 3346 liberi,
472 3269 645 3352 propinqui,
667 3270 851 3336 familiares:
874 3271 930 3336 sed
951 3289 1060 3334 omnes

115 3357 251 3420 omnium
265 3355 408 3418 caritates
423 3353 522 3437 patria
535 3354 763 3437 complectitur.

158 3436 271 3502 Nullus
291 3447 338 3502 est
359 3459 449 3503 casus
471 3458 527 3521 pro
548 3439 700 3522 dignitate
721 3450 755 3504 et
775 3439 919 3508 libertate
950 3436 1060 3523 patria

114 3543 176 3588 non
191 3520 343 3584 ferendus.
