2386 3822
565 133 614 204 92

161 313 225 381 Ubi
246 314 425 394 concordie,
447 315 583 381 omnium
607 313 760 380 bonorum
781 313 994 378 conservatrix
1019 311 1082 378 flo-

118 410 195 478 rent,
210 401 315 466 omnia
327 403 409 465 bene
423 421 456 464 se
471 401 608 464 habent:
629 399 685 463 ubi
709 397 779 464 lites
801 399 933 464 seminat
956 399 1082 464 discor·

118 484 180 563 dia,
196 484 548 550 *nihilnoumalorum
561 484 678 548 videas.
893 544 897 554 ,

160 569 325 633 Civitatem
352 591 415 634 non
450 568 540 647 saxis,
570 569 710 652 lignisve‚
741 567 795 630 sed
818 567 931 648 civitam
958 569 1081 634 naute

117 653 230 717 muniri
244 665 376 736 oportet,
396 653 520 736 quossi
542 653 646 750 jungit
659 653 838 731 concordia,
852 651 955 718 nullus
968 663 1081 740 potest

118 757 186 802 csse
199 759 304 802 murus
318 737 596 823 inexpugnabilior.

160 875 302 941 Fratrum
332 875 412 940 inter
443 896 477 940 se
499 875 669 942 concordia
697 876 806 959 quovis
835 895 925 940 muro
955 875 1078 940 firmius
1174 901 1175 932 t

118 961 343 1024 munimentum
357 972 414 1024 est.
719 999 722 1010 ν

163 1044 301 1108 Scilurus
315 1047 477 1129 octoginta
498 1045 578 1111 lilios
599 1044 729 1126 liabens,
750 1046 823 1110 clun
840 1053 923 1110 essct
945 1045 1077 1109 moritu·

118 1151 180 1206 rus,
208 1129 391 1194 fasciculum
411 1130 586 1214 jaculorum
608 1129 737 1214 singulis
758 1129 901 1212 porrexit,
920 1129 1076 1214 jussitque

119 1235 271 1296 rumpere.
316 1213 354 1278 Id
377 1216 449 1278 cium
474 1215 588 1299 singuli
609 1215 844 1290 recusavissent,
858 1235 899 1278 ao
913 1214 996 1296 quod
1017 1215 1077 1277 im·

119 1297 266 1394 possibile
280 1299 444 1376 videretur,
469 1299 535 1382 ipse
557 1299 681 1381 singula
693 1300 807 1446 (iacula
827 1299 952 1375 exemit,
976 1302 1076 1380 etque

118 1393 164 1446 ita
176 1381 281 1446 omnia
294 1383 385 1448 facile
401 1383 565 1468 confregit,
580 1383 659 1448 filios
674 1405 693 1446 a
714 1404 844 1448 monens
857 1383 905 1446 his
918 1384 1044 1463 verbis3

162 1466 199 1532 Si
211 1468 361 1532 comoedos
373 1469 502 1555 suedo,
516 1467 616 1546 ccliiii,
640 1468 792 1554 invictique
811 1467 959 1534 manebitis
967 1491 981 1545 ‚·
1002 1489 1075 1532 con·

119 1552 174 1630 trd,
188 1553 215 1616 si
228 1553 353 1617 dissidiis
367 1565 393 1618 et
411 1555 548 1618 sedittbne
571 1554 632 1620 ritis
652 1553 791 1632 distracti,
814 1552 963 1618 ioibeciiles
983 1553 1073 1632 erili,

118 1647 145 1700 et
158 1648 327 1724 expugnatu
331 1637 450 1724 faciles.
635 1663 642 1674 ’

452 1812 454 1817 ,
486 1760 702 1816 annualem.

161 1863 247 1934 Quae
285 1865 357 1929 ratis
371 1888 391 1931 o
404 1865 474 1930 Deo
486 1866 636 1951 accepisti
651 1864 745 1950 gratis
760 1876 883 1948 praeita.

161 1948 205 2014 Ut
229 1885 283 2048 soi
298 1950 465 2030 sceleratis,
484 1952 571 2038 juxti
594 1971 632 2014 ao
654 1951 713 2035 piis
734 1949 850 2031 oritur3
871 1951 915 2016 ita
936 1951 1072 2018 benefici

118 2043 166 2098 est
180 2045 275 2118 gratis
289 2047 322 2100 et
336 2037 465 2122 ingratis
477 2038 563 2102 dare.

162 2120 266 2185 Unum
280 2121 361 2185 bene
374 2121 564 2186 collocatum
578 2119 768 2186 beneficium
788 2120 954 2185 multorum
978 2121 1071 2188 mnis

117 2225 221 2271 scriun
234 2205 350 2270 soletur
364 2207 488 2270 dunno.

159 2291 226 2363 Qui
248 2291 384 2355 liberalis
405 2302 463 2370 est,
476 2313 539 2356 non
553 2301 701 2374 expectet
721 2302 757 2356 ut
776 2301 923 2376 rogetu13
944 2289 1001 2356 sed
1021 2289 1069 2356 ul·
1174 2367 1175 2374 ἵ

117 2377 164 2442 trb
178 2377 288 2458 quaerit
302 2376 501 2440 occasionem
516 2375 678 2460 largiendi.
709 2417 712 2426 Α

159 2461 292 2526 Parvum
311 2459 500 2526 beneficium
513 2461 693 2545 tempestive
715 2461 866 2526 collatum
886 2460 1067 2546 accipienti·
1174 2469 1175 2548 l

116 2545 174 2610 bus
189 2547 224 2609 fit
236 2545 412 2609 maximum.
1174 2589 1175 2628 3

159 2629 345 2714 Duplicotur
369 2628 561 2695 liberalitatis
585 2631 695 2715 gratia,
717 2632 789 2696 clim
811 2631 936 2696 accedit
959 2630 1067 2696 celeri-
1174 2639 1175 2642 ’

117 2726 182 2780 tes:
203 2715 302 2778 minius
316 2714 471 2798 decipitur
484 2716 537 2780 cui
550 2726 682 2801 negatur
698 2716 840 2782 celerius.

159 2801 262 2875 Errat,
276 2798 302 2862 si
316 2799 384 2881 quis
399 2800 587 2866 beneficium
607 2800 731 2866 liberibs
754 2801 880 2886 accipit,
894 2802 987 2883 quim
1000 2799 1067 2866 red·
1174 2821 1175 2866 l

116 2886 163 2952 dit
175 2908 185 2949 t
204 2883 329 2951 hilarior
342 2905 410 2948 csse
423 2885 521 2950 debet
534 2887 588 2969 qui
602 2885 703 2964 solvit,
715 2887 810 2969 quim
823 2885 877 2969 qui
890 2896 1022 2950 mutuat.

157 3005 367 3072 Liberalitatis
392 3004 456 3070 duo
483 3017 554 3071 sunt
580 3006 712 3072 maximi
741 3003 915 3072 laudabiles
949 3005 1048 3072 fontes
1055 3030 1066 3088 3

114 3113 221 3157 verum
232 3091 393 3176 judicium,
408 3103 440 3155 et
453 3092 586 3156 honesta
598 3092 828 3156 benevolentia.

158 3176 208 3240 Nc
229 3175 268 3241 sit
288 3176 385 3261 major
408 3176 618 3242 beneficentio
631 3179 723 3258 quim
745 3177 896 3257 facultas3
918 3177 971 3260 qui
984 3177 1065 3245 euim

113 3259 372 3324 beneficentiores
386 3281 454 3324 esse
469 3261 577 3325 volunt
594 3263 686 3344 quim
710 3283 759 3327 res
773 3263 899 3347 patitur,
909 3262 984 3328 dum
998 3260 1064 3327 aliis

115 3343 259 3428 prodesse
273 3345 408 3424 student,
423 3344 482 3410 sibi
497 3345 569 3430 ipsis
583 3358 709 3412 nocent.

296 3487 308 3510 '⁵
318 3485 389 3536 milit
403 3499 453 3536 non
468 3485 699 3550 melorum-every
714 3485 821 3538 kiadol
831 3485 888 3536 eril.
