2380 3832
575 189 642 260 108

130 370 383 449 robustissimum,
396 369 569 454 respouditr
589 367 762 447 Necessitas,
781 380 896 454 annot
918 369 996 434 eninr
1018 385 1080 436 onr-

131 477 193 518 nro.

172 539 303 622 Sapiens
317 559 379 604 non
393 551 476 604 amat
492 539 614 604 divitias
635 539 690 603 sed
714 536 851 602 mavult:
872 559 936 602 non
955 539 989 602 in
1009 540 1079 604 sni·

127 643 214 688 ‘mum
228 623 296 687 ilias
310 624 365 688 sed
380 625 411 688 in
423 625 550 688 domum
562 624 684 708 recipit.

172 708 290 772 Domus
313 709 459 792 sapientis
483 719 623 792 angusta,
641 709 707 772 sine
729 707 827 784 cultu,
847 707 915 772 sine
937 708 1079 791 strepitu,

129 793 196 856 sine
221 805 371 876 apparatu
394 803 459 858 est:
479 793 572 858 nullis
594 794 772 858 observatur
793 792 994 875 janitoribus,
1016 792 1079 856 ior·

130 888 206 942 tuna
219 897 282 942 non
297 877 424 958 transit3
445 878 504 941 scit
515 899 580 942 non
594 898 661 943 esse
676 875 739 940 illic
754 875 812 940 sibi
827 876 941 943 loctun.

172 961 216 1026 Ut
243 962 380 1027 secundis
410 972 594 1046 tempestate
620 961 800 1044 navigantes
824 961 918 1024 etiam
940 961 1078 1026 adversae

130 1045 273 1130 praesidia
283 1046 314 1109 in
329 1057 472 1130 promptu
486 1046 623 1126 habent;
644 1047 687 1116 ita
702 1044 757 1108 viri
772 1045 926 1127 sapientes
941 1045 971 1108 in
985 1045 1078 1108 rebus

130 1129 274 1194 secundis
288 1131 382 1194 etiem
396 1132 531 1196 adversae
546 1130 676 1194 fortunae
691 1128 828 1194 remedia
839 1128 897 1193 sibi
913 1140 1032 1212 parant.

172 1213 348 1278 Alexander
362 1215 487 1278 cuidam
501 1213 617 1279 civitati
641 1225 760 1298 partem
786 1233 928 1296 agrorum
942 1225 975 1278 et
987 1214 1078 1278 dimi-

129 1297 214 1360 dium
228 1319 329 1362 rerum
342 1300 478 1362 omnium
500 1299 707 1384 promittenti3
727 1295 787 1375 Eo,
807 1297 916 1380 inquit,
928 1299 1078 1398 proposito

128 1384 160 1446 in
180 1381 283 1446 Arion
306 1383 378 1462 oeni,
400 1407 459 1448 non
483 1395 514 1447 nt
532 1383 565 1446 id
584 1383 734 1472 oenpsrem
754 1382 833 1468 qood
853 1382 1006 1461 dedissetis,
1027 1383 1079 1448 sed

129 1478 160 1532 ut
173 1467 207 1530 id
218 1467 355 1532 haberem
370 1470 448 1556 qnod
460 1468 641 1554 reliquissem.

172 1551 387 1632 Archidamus,
400 1565 471 1650 post
485 1553 607 1617 cladem
631 1551 714 1635 apud
735 1551 939 1615 Chaeronearn
962 1573 1078 1636 accep-

129 1647 202 1714 tam,
222 1638 293 1700 cum
313 1658 332 1700 a
353 1637 496 1722 Philippo
525 1657 599 1722 rege
630 1637 841 1702 Macedonum
862 1636 965 1702 literas
985 1659 1078 1701 acce-

150 1721 223 1783 isset
247 1722 388 1786 acerbius
408 1723 547 1805 scriptas,
561 1721 606 1784 sic
628 1719 804 1804 rescripsit3
824 1721 851 1784 si
871 1722 995 1786 metiaris
1016 1745 1077 1786 nnt-

122 1741 209 1874 itan
235 1816 322 1884 trram,
345 1806 567 1892 haudquaquam
588 1806 711 1894 reperies
732 1827 793 1870 eom
810 1805 924 1891 sarton
944 1806 1077 1892 ntajorem

122 1890 214 1975 ,φάνη
226 1904 292 1954 onte
306 1889 451 1994 neopum
464 1900 535 1954 erat.

170 2010 376 2096 Philosophiae
391 2033 543 2077 summum
559 2011 585 2076 E
608 2013 721 2078 ictetus
734 2014 856 2079 duobus
869 2013 971 2080 verbis
991 2037 1076 2080 com-

128 2097 318 2180 prehendere
347 2096 454 2163 solitus
477 2107 545 2162 est:
635 2097 692 2162 tine
725 2109 757 2163 et
785 2098 914 2164 abstine:
945 2121 1077 2182 quorum

127 2181 211 2266 prius
226 2181 370 2246 admonet
394 2193 429 2245 ut
450 2181 532 2245 mala
555 2203 647 2264 aequo
661 2183 763 2247 animo
777 2183 983 2266 perferamus3
1004 2205 1077 2268 pos-

128 2265 232 2343 terius,
246 2276 280 2329 ut
294 2285 314 2328 a
327 2266 535 2350 voluptatibus
549 2278 764 2349 temperemus.

169 2350 250 2426 Dion
272 2349 334 2412 sius
362 2349 474 2436 junior,
507 2350 612 2434 pulsus
641 2373 659 2415 a
688 2353 857 2436 tyrannide,
878 2363 912 2416 et
941 2363 1075 2437 rogatus,

127 2435 214 2504 Quid
236 2371 281 2497 iii
302 2434 400 2512 Plato,
415 2446 447 2499 et
461 2435 665 2520 philosophiae
680 2437 844 2522 disciplina
865 2437 1075 2522 profuissent?

131 2518 171 2584 Ut
196 2527 312 2599 tontum,
331 2521 440 2604 inquit,
450 2520 583 2606 fortune
603 2523 784 2586 mutationem
808 2545 891 2614 ceptro
916 2521 1011 2586 anino
1027 2521 1077 2610 se-

127 2627 199 2668 ron.

169 2707 248 2788 Cum
263 2709 392 2776 Athenis
406 2708 533 2792 quidam
556 2708 588 2772 in
613 2708 767 2776 theatrum
790 2711 915 2796 grandis
935 2719 1011 2774 natu
1025 2730 1077 2773 ve·

127 2793 232 2872 nisset,
247 2793 334 2859 locus
347 2794 377 2857 ei
392 2793 487 2857 esuis
508 2793 627 2856 civibus
647 2815 799 2877 nusquam
812 2797 902 2859 datus
917 2805 984 2858 est:
1005 2795 1077 2858 crim

128 2889 231 2942 autem
267 2879 307 2942 ad
341 2878 597 2944 Lacedaemonios
629 2881 821 2956 accessisset,
848 2879 1076 2946 consurrexisse

128 2983 235 3028 omnes
250 2962 295 3027 illi
309 2962 463 3039 dicuntur,
477 2972 510 3026 et
523 2983 630 3027 senem
643 2962 675 3028 in
690 2965 795 3028 sedem
810 2984 896 3028 suam
910 2985 981 3028 rece
1006 2963 1075 3026 isse.

170 3048 266 3117 Quod
291 3045 343 3111 ubi
367 3046 499 3132 populus
521 3047 649 3129 aspexit,
674 3049 807 3114 maximo
830 3048 939 3132 plausu
964 2984 1076 3110 aiienae

127 3132 212 3196 urbis
239 3131 455 3196 verecundiam
478 3131 701 3214 comprobavit.
746 3131 861 3198 Ferunt
888 3143 955 3196 tum
982 3147 1077 3194 unum

127 3235 166 3280 ex
193 3215 439 3280 Lacedaemoniis
463 3215 600 3298 dixisse3
627 3215 714 3303 Ergo
737 3217 922 3284 Athenienses
946 3215 1019 3304 quiri
1040 3214 1078 3278 sit

128 3310 232 3363 rectora
244 3301 344 3377 seiont,
358 3299 409 3364 sed
422 3298 559 3384 idfacem
568 3300 731 3390 negligunt.

170 3419 350 3486 Alexandro
380 3422 500 3508 Magno
531 3423 681 3488 Corinthii
712 3447 767 3508 per
788 3425 909 3511 legatos
930 3424 1078 3510 gratulati

128 3514 252 3570 suntet
271 3505 397 3570 civitate
419 3505 475 3570 sui
501 3508 588 3572 ilium
615 3509 825 3575 donaverunt:
860 3511 932 3574 ciun
962 3508 1079 3575 risisset
