2380 3832
6 1879 7 1886 ¹
117 1871 169 1916 sus
196 1853 275 1936 petit
298 1853 476 1934 denarium
497 1874 608 1938 respon

559 204 628 276 105

160 381 311 448 Homines
346 384 501 466 sapientes
530 383 631 450 solent
666 394 738 450 ente
770 381 854 450 faeta
884 383 1065 464 deliberare,

119 466 205 531 stulti
219 478 324 532 autern
339 479 410 551 post
424 467 517 532 faeta.

161 550 323 616 Prudentis
337 563 385 616 est
398 552 430 615 in
445 552 546 616 alieno
561 552 709 638 fugienda
733 551 854 617 intueri.
898 553 1065 617 Prudentia

117 635 208 699 nobis
229 636 359 700 maxime
374 637 580 700 necessarium
594 647 661 716 est3
682 637 777 702 docet
791 637 873 702 enim
887 637 962 720 quid
986 635 1065 720 litgi-

117 718 243 797 endum,
268 719 344 802 quid
366 722 534 784 tenendum
554 721 611 784 sit:
631 722 727 786 docet
747 732 782 784 ut
802 721 834 784 in
856 721 975 786 cunetis
997 720 1065 802 quis

118 801 200 866 idem
229 804 278 881 sit,
306 804 423 869 tamin
451 805 603 886 prosperis
624 805 716 886 quim
739 806 771 870 in
793 805 941 870 adversis:
972 805 1066 870 docet

119 887 255 1032 deinique
283 887 437 970 quomodo
465 889 629 972 praesentia
655 889 787 968 ordines,
809 898 842 955 et
863 889 965 954 littura
995 910 1065 974 pro·

118 991 147 1033 vr
169 992 233 1034 eas.

159 1054 326 1120 Prudentia
348 1065 434 1119 tanto
447 1055 569 1119 caeteris
582 1055 743 1121 virtutibus
766 1057 936 1136 antecellit,
950 1065 1065 1140 quanto

118 1139 240 1204 caeteris
253 1140 393 1204 sensibus
407 1149 533 1223 praestut
546 1141 639 1204 visus.

488 1273 701 1332 BENEFICIA.

160 1345 241 1410 Hree
255 1345 399 1412 beneficii
420 1347 500 1410 inter
512 1345 590 1410 duos
605 1347 654 1410 len
673 1358 741 1428 est3
762 1345 840 1414 alter
860 1349 963 1414 statim
986 1349 1064 1415 obti-

117 1430 193 1494 visci
207 1431 302 1494 debet
314 1432 390 1508 dati,
406 1431 484 1494 alter
499 1432 621 1512 accepti
635 1452 803 1514 nunquam.

159 1515 310 1580 Generosi
324 1515 417 1578 animi
431 1526 463 1580 et
476 1515 634 1611 magnifici
648 1525 695 1579 est
713 1516 819 1600 juvare
844 1527 876 1581 et
900 1517 1063 1601 prodesset

118 1599 171 1681 qui
185 1601 239 1663 dat
253 1600 408 1666 beneficia
420 1599 521 1664 Deum
536 1599 680 1664 inritatur.

160 1682 211 1747 Ab
226 1683 385 1769 Antigono
399 1683 534 1768 Cynicus
555 1685 680 1765 quidem
699 1682 788 1766 petiit
811 1685 981 1752 talentum:
1001 1708 1064 1752 res·

117 1769 236 1852 pendit,
250 1767 325 1832 Plus
338 1791 394 1832 esse
405 1770 491 1854 qudm
504 1769 583 1854 quod
598 1768 720 1918 &aanor
780 1793 826 1834 ere
839 1767 918 1834 debet
926 1795 940 1848 ‚·
961 1773 1063 1856 repul·

631 1865 654 1918 rt
665 1876 675 1935 3
736 1877 801 1918 totu
815 1877 870 1920 esse
884 1857 970 1943 qudm
986 1857 1064 1944 qood

117 1937 520 2119 regll'ilrllecgdlrgadldarum
534 2031 582 2085 est
595 2024 686 2118 quun
705 2021 758 2086 diu
775 2024 934 2120 ⁸pendere:
954 2024 1064 2120 melitis

117 2125 188 2188 spes
208 2107 385 2189 praeorditur
405 2109 497 2190 qulam
526 2106 664 2172 trahitur.
718 2107 784 2180 Qut
812 2108 898 2174 tarde
930 2110 1062 2192 profiort,

117 2209 180 2255 non
194 2190 349 2256 exanimo
363 2191 448 2258 lueis.

546 2295 631 2349 ΑΚΒ.

158 2377 272 2443 Fabius
286 2379 387 2462 pictor
399 2379 506 2445 felices
520 2392 601 2444 artes
616 2379 731 2444 futuras
752 2380 805 2461 ait,
818 2381 843 2446 si
857 2381 915 2448 soli
929 2381 1063 2448 artifices

116 2461 158 2526 de
172 2462 209 2526 iis
220 2463 405 2548 judicarent.

160 2547 205 2610 Ex
218 2548 345 2611 minimo
358 2548 488 2632 vestigio
503 2550 611 2614 artifex
624 2549 775 2614 artificem
788 2552 962 2636 cognoscit.

161 2630 262 2694 Nemo
276 2635 359 2695 reete
373 2633 414 2696 de
429 2632 559 2698 artilieio
573 2644 675 2717 potest
687 2633 825 2717 judicare
839 2634 897 2698 nisi
911 2635 1030 2701 artifex.

160 2715 266 2784 Quam
280 2716 339 2779 scit
353 2717 482 2798 quisque
497 2729 641 2782 exerceat
655 2729 763 2782 artem.

159 2798 327 2863 Praxiteles
348 2821 459 2881 equam
481 2803 566 2864 tantt
589 2801 682 2865 animi
703 2803 874 2886 sagacitate
898 2804 1005 2888 pinxit,
1027 2817 1061 2870 ut

116 2903 214 2964 equus
227 2885 352 2965 qnidam
368 2884 502 2948 hinnitus
511 2887 603 2950 edere
618 2897 746 2950 coaetus
761 2887 869 2967 iirerit3
888 2909 1060 2970 canemque

116 2967 204 3051 eujus
219 2980 346 3050 aspectu
359 2969 447 3032 eunis
461 2969 538 3033 alter
547 2991 568 3033 a
581 2971 693 3034 latratu
708 2971 860 3037 abstinere
874 2993 938 3038 non
948 2974 1059 3056 potuit.

158 3173 210 3237 Ab
229 3174 295 3257 ejus
317 3175 464 3257 operibus
486 3175 648 3260 incipimus
669 3178 770 3244 Deum
791 3180 901 3244 nosse:
921 3197 1060 3260 quocun-

114 3277 176 3340 que
199 3268 230 3320 te
252 3257 380 3337 flexeris,
405 3259 448 3324 ibi
477 3259 579 3326 Deum
598 3263 716 3328 videbis
744 3272 958 3328 occurrentem
982 3263 1060 3328 tibi:

113 3341 192 3407 nihil
208 3341 250 3405 ab
263 3341 318 3406 illo
331 3354 431 3407 vocat.

156 3427 256 3490 Totus
279 3427 411 3492 mundus
432 3427 492 3494 Dei
516 3431 694 3496 immortalis
712 3443 759 3496 est
773 3430 941 3514 ternplum:
961 3431 1058 3498 solam

113 3511 242 3594 quidem
255 3511 457 3594 amplitudine
471 3535 509 3580 no
523 3515 755 3602 magnificentiis
767 3516 905 3600 dignum.
