2386 3822
566 180 610 252 61

119 361 249 460 hostium
269 362 397 440 veniret,
424 363 478 426 uni
508 361 658 429 comitum
689 361 769 426 lctus
799 358 1061 424 transfodiendum
1181 449 1182 454 γ

122 448 261 614 pipp&
278 539 410 594 mortem
428 529 564 594 omnium
586 528 792 594 Hebraeorum
806 529 879 612 lisga
892 537 1076 594 consecuto.
1178 513 1182 554 ⁴

119 625 171 692 est,
185 626 218 680 et
231 636 271 680 eo
285 616 336 679 die
351 614 478 680 victoris
492 614 603 698 insigni
619 613 709 697 potiti
723 625 796 678 sunt
808 611 966 678 Philistaei.

561 722 631 780 ns.

157 821 268 898 naus,
283 819 387 884 amus
401 819 624 897 mutemus,
637 819 789 902 lacrymas
803 817 956 901 pronun:
975 835 1063 880 mm.

118 914 163 968 tes
177 904 309 980 (salbos,
323 905 377 967 ubi
398 905 502 967 caedes
516 903 571 966 ills
589 903 671 967 fecte
691 903 800 979 fuerat,
814 912 991 966 exsecratus
1005 913 1062 964 est.
1181 925 1182 948 2

158 989 260 1066 Illvun,
274 988 327 1071 qui
351 1009 370 1050 s
394 1009 428 1054 se
451 987 577 1052 Saulem
597 988 737 1050 occisum
758 1005 826 1050 esse
844 986 1011 1071 jactitabat
1031 995 1064 1050 et
1181 1059 1182 1064 ἵ

118 1074 204 1156 regio
224 1073 358 1156 insignia
378 1072 533 1148 attulerat,
558 1071 667 1154 perimi
688 1071 787 1155 jussit,
801 1072 834 1134 in
854 1089 979 1156 poenem
1000 1070 1064 1132 vio-
1181 1079 1182 1084 ’

119 1157 189 1220 lotae
203 1157 372 1242 mejestatis
387 1157 493 1304 reple.
1181 1185 1182 1192 ¹

158 1241 285 1304 Civibus
313 1241 397 1304 urbis
438 1242 522 1318 abes,
537 1241 619 1324 quod
652 1239 753 1304 Saldis
781 1239 909 1325 ejusque
932 1237 1063 1302 filiorum
1181 1247 1182 1250 ’

118 1346 247 1407 corpora
261 1324 483 1407 sepelivissent,
497 1327 628 1409 glutiam
642 1323 756 1388 retulit.

160 1409 382 1472 Admirandum
417 1411 490 1474 send
520 1411 584 1473 veri
616 1431 654 1474 ec
676 1409 787 1473 sinceri
808 1429 884 1494 erga
904 1408 1064 1472 inimicum
1181 1407 1182 1414 ’

118 1493 229 1557 amoris
243 1492 438 1576 exemplum!
492 1491 497 1510 '

556 1601 624 1659 119.

159 1693 269 1772 David,
284 1706 447 1778 postquam
468 1696 578 1762 solium
601 1697 793 1774 conscendit,
814 1696 930 1779 duplex
951 1695 1065 1774 scelus,

119 1790 150 1843 et
164 1779 290 1861 quidem
303 1780 524 1864 gravissimum,
539 1779 702 1844 commisit.

160 1864 325 1927 Adsmavit
347 1864 517 1943 mulierem,
542 1866 666 1930 nomine
691 1865 857 1944 Betsaben,
871 1885 1001 1947 eumque
1024 1867 1065 1930 ud

119 1947 270 2030 flagitium
284 1949 445 2030 compulit.

160 2032 300 2096 Mulieris
322 2032 457 2110 mantus,
472 2034 594 2098 nomine
609 2033 711 2110 Urias,
722 2033 768 2096 vir
787 2031 977 2110 fortissimus,
999 2043 1065 2097 tum

117 2119 149 2181 in
164 2115 272 2179 castris
286 2127 362 2193 erut,
376 2127 409 2180 et
422 2118 580 2202 egregium
595 2119 702 2202 pstriae
717 2137 843 2199 operam
856 2117 1000 2180 navabat.

160 2202 254 2266 vac
269 2200 369 2264 David
384 2201 490 2284 iniquo
504 2223 618 2286 pugnae
634 2201 705 2266 loco
718 2200 857 2265 hostibus
881 2197 977 2285 objici
1001 2200 1065 2286 jus·

120 2287 170 2363 sit,
185 2295 277 2367 atque
291 2285 336 2349 ite
348 2287 524 2350 necandum
542 2287 670 2351 curavit.

159 2370 204 2435 At
230 2369 315 2433 Deus
339 2369 379 2432 ed
403 2370 554 2435 Davidem
575 2370 658 2434 misit
689 2369 881 2454 prophetam,
902 2368 956 2450 qui
977 2369 1064 2434 illum

22 2468 24 2472 ·
116 2455 307 2532 admoueret,
332 2455 424 2537 eique
446 2475 570 2537 poenam
600 2455 726 2522 sceleris
749 2454 953 2520 denunciaret
973 2454 1065 2519 sube-

116 2539 245 2605 undum.

562 2629 632 2688 120.

160 2723 215 2787 Sic
250 2722 402 2787 Davidem
437 2722 590 2788 allocutus
625 2735 673 2787 est
710 2723 884 2806 propheta:
918 2734 1006 2787 erent
1033 2725 1065 2787 in

114 2807 227 2874 eddom
248 2809 325 2872 urbe
353 2807 416 2872 duo
439 2806 599 2903 nomines:
621 2807 700 2872 uter
719 2807 805 2872 dives
824 2807 938 2873 multos
959 2809 1066 2885 boun,

114 2891 832 3072 ,snmnnunmmum
853 2997 957 3053 um,

115 3079 188 3144 ¹⁹⁸⁰
202 3069 375 3206 “mli
388 3059 935 3210 ³lud'⁵5dllll³lls””¹“⁶l⁹lsn·
979 3163 1066 3208 un.

113 3143 520 3325 quddllindrdisndfflndddet
541 3165 835 3326 conviviupledides
857 3227 911 3292 ille
925 3164 1066 3325 peieroit

111 3333 180 3376 suis
205 3314 322 3389 ovibus,
347 3322 381 3378 st
401 3312 556 3380 oviculam
577 3333 720 3397 psupons
741 3335 770 3376 vv
792 3322 930 3395 ereptam
951 3311 1065 3396 hospiti

115 3397 274 3463 edendam
288 3398 441 3482 apposuit.
468 3423 470 3428 ·

159 3481 264 3546 Tuum
278 3493 334 3560 est,
349 3503 445 3628 opes,
460 3483 499 3548 de
514 3483 574 3548 hoc
589 3482 672 3547 facto
683 3480 833 3565 judicare.
