2386 3822
588 233 635 304 87

184 409 294 476 Aliena
308 411 420 476 rectibs
440 411 642 498 perspicimus
656 415 747 498 quam
761 426 874 493 nostra,
887 424 921 490 et
934 413 993 481 sibi
1004 414 1085 500 quis-

136 515 202 578 que
216 495 356 560 adulator
369 505 426 561 est.

182 577 218 643 In
234 579 362 664 speculo
377 581 508 664 teipsum
529 580 764 665 contemplator,
782 580 853 648 etsi
869 581 1017 648 formosus
1031 605 1086 668 ap·

137 681 257 760 pareas,
271 684 330 746 age
354 682 424 745 quoe
447 663 575 728 formam
595 667 730 744 decent3
751 666 799 730 sin
822 665 976 744 deformis,
1000 667 1086 750 quod

136 767 172 810 rn
186 743 266 812 facie
280 747 380 812 minus
394 756 451 826 est,
465 749 497 812 id
511 769 629 814 morum
644 749 872 834 pulchritudine
887 763 1027 837 pensato.

552 907 668 966 MORS.

181 1000 283 1066 Omne
298 1000 465 1065 humanum
485 1019 595 1084 genus,
609 999 827 1086 quodcumque
843 1013 901 1082 cst,
915 1002 1085 1086 quodcum·

135 1105 199 1166 que
214 1085 281 1162 erit,
294 1085 386 1149 morti
404 1085 575 1149 damnatur.

181 1167 338 1234 Incertum
349 1179 400 1235 est
413 1168 521 1250 inquo
543 1169 615 1234 loco
635 1189 717 1234 mors
738 1179 769 1234 te
783 1181 910 1256 expetet
919 1193 931 1252 3
950 1181 985 1236 tu
999 1169 1085 1238 illum

135 1251 171 1316 in
185 1252 269 1315 omni
283 1252 355 1318 loco
369 1264 511 1335 expecta.

181 1336 247 1406 Qui
262 1347 391 1401 mortem
405 1337 493 1401 timet
506 1357 569 1402 non
588 1335 700 1422 effugit
713 1359 793 1416 earn,
807 1339 863 1402 aad
876 1338 1002 1423 insuper
1021 1337 1083 1404 hoc

135 1419 239 1518 ipsum
251 1421 322 1490 rios
343 1421 429 1504 quod
448 1421 539 1486 datur
559 1421 679 1505 perdit;
700 1423 789 1488 anxie
803 1423 887 1490 enim
900 1423 1001 1488 virere
1022 1443 1085 1492 nou

138 1515 372 1673 estNlrlbepbeolest
383 1587 464 1654 male
479 1589 566 1669 mori,
580 1589 635 1673 qui
658 1591 740 1656 bene
760 1589 879 1669 virent,
893 1601 925 1656 et
939 1589 989 1656 rix
1002 1591 1083 1660 bene

136 1673 275 1750 moritur,
290 1674 342 1756 qui
356 1672 436 1736 malle
452 1674 535 1738 vixit

180 1755 267 1822 Nihil
287 1757 344 1822 tibi
358 1759 447 1839 mque
470 1757 612 1853 proficiet
631 1757 672 1822 ad
692 1759 927 1856 temperantiam
942 1759 1084 1857 'omnium

137 1861 247 1988 ‘lim‘
262 1841 796 2004 titlrtltlttttttl‘tlt
812 1854 928 1992 ilbi?
941 1855 1084 1992 ¹¹¹3in

136 1945 291 2074 fflffi,
305 2030 402 2096 usque
433 2010 488 2078 lati
517 2011 600 2076 diem
631 2010 760 2094 ancipiti
790 1974 929 2076 fomnae'
949 1949 1083 2098 bbbjecti

135 2114 250 2160 sumtus.

178 2263 264 2328 Mors
292 2284 400 2330 omnes
428 2265 509 2332 falce
540 2263 595 2328 sub
615 2263 765 2330 demetit:
795 2263 945 2328 marinus
966 2263 1083 2348 pietate

133 2345 261 2427 AEnees,
275 2347 544 2432 eloquentissimus
557 2349 678 2428 Cicero,
692 2347 858 2413 ditissimus
878 2349 1004 2412 Crassus
1019 2347 1083 2414 fato

135 2432 289 2497 cecidere.
347 2433 409 2498 Ubi
434 2435 538 2500 Cato?
572 2433 732 2518 expiravit.
786 2431 848 2500 Ubi
870 2434 932 2496 duo
955 2432 1084 2498 iirlmina

135 2515 221 2594 belli,
247 2517 425 2614 Scipiadae?
447 2519 610 2584 occidere:
631 2517 747 2584 nemini
769 2518 894 2602 quidem
914 2537 996 2582 mors
1014 2536 1083 2603 per·

133 2620 207 2664 cere
221 2613 317 2666 novrt.
355 2661 357 2666 ,

177 2683 297 2750 Xerxes
311 2685 364 2750 ille
378 2707 432 2752 rex
448 2685 687 2771 potentissimus,
709 2683 761 2768 qui
784 2685 933 2750 subvertit
953 2696 1083 2764 montes,

133 2769 291 2850 mariaque
320 2772 497 2849 constravit,
525 2773 596 2834 erim
624 2771 663 2836 de
691 2769 814 2834 sublimi
839 2769 910 2835 loco
931 2771 1084 2835 infinitam

134 2849 292 2916 hominurn
306 2854 545 2932 multitudinem,
567 2865 600 2919 et
623 2852 877 2918 innumerabilem
891 2854 1017 2918 vidisset
1030 2873 1083 2916 ex-

134 2935 275 3015 ercitum,
289 2937 407 3002 flevisse
422 2939 545 3019 dicitur,
565 2939 648 3022 qubd
662 2949 732 3022 post
745 2949 872 3002 centum
893 2959 1000 3015 annos,
1013 2933 1082 3000 nul·

135 3017 183 3083 lus
196 3041 312 3099 eorum,
327 3043 404 3107 quos
419 3044 502 3088 nunc
517 3023 675 3100 cernebat,
691 3021 901 3106 superfuturus
916 3029 1007 3086 esset.

453 3179 757 3238 Abouascortm.

60 3291 66 3306 ·
176 3269 221 3336 Ut
234 3269 336 3334 brevis
350 3271 548 3338 flosculorum
561 3273 651 3350 nitor,
666 3273 710 3336 ita
725 3271 819 3356 fugax
829 3270 985 3368 Juventus.

176 3353 387 3439 injuventute
408 3358 494 3442 viget
507 3369 593 3434 aetas,
608 3356 711 3420 hilaris
724 3369 774 3420 est
786 3373 914 3430 animus,
936 3365 969 3420 et
990 3377 1081 3421 orrrne

133 3437 317 3505 deliciarum
351 3461 450 3525 genus
484 3442 662 3505 inconstans
692 3439 820 3522 expetit.
874 3437 1082 3524 Leotychides

134 3523 350 3611 interrogatus,
365 3526 452 3595 Quid
466 3525 655 3609 potissimum
670 3533 793 3606 oportet
803 3543 916 3607 pueros
929 3523 1074 3607 ingenu-
