<?xml version="1.0" encoding="UTF-8"?>
<!DOCTYPE html PUBLIC "-//W3C//DTD XHTML 1.0 Transitional//EN"
    "http://www.w3.org/TR/xhtml1/DTD/xhtml1-transitional.dtd">
<html xmlns="http://www.w3.org/1999/xhtml" xml:lang="en" lang="en">
 <head>
  <title>
</title>
<meta http-equiv="Content-Type" content="text/html;charset=utf-8" />
  <meta name='ocr-system' content='tesseract 3.04.00' />
  <meta name='ocr-capabilities' content='ocr_page ocr_carea ocr_par ocr_line ocrx_word'/>
</head>
<body>
  <div class='ocr_page' id='page_1' title='image "./liberprimusoraf02danagoog_0100.png"; bbox 0 0 2380 3832; ppageno 0'>
   <div class='ocr_carea' id='block_1_1' title="bbox 603 215 653 289">
    <p class='ocr_par' dir='ltr' id='par_1_1' title="bbox 603 215 653 289">
     <span class='ocr_line' id='line_1_1' title="bbox 603 215 653 289; baseline 0.02 -1"><span class='ocrx_word' id='word_1_1' title='bbox 603 215 653 289; x_wconf 76' lang='lat' dir='ltr'>et</span> 
     </span>
    </p>
   </div>
   <div class='ocr_carea' id='block_1_2' title="bbox 146 393 1100 734">
    <p class='ocr_par' dir='ltr' id='par_1_2' title="bbox 190 393 952 476">
     <span class='ocr_line' id='line_1_2' title="bbox 190 393 952 476; baseline -0.007 -11"><span class='ocrx_word' id='word_1_2' title='bbox 190 395 257 465; x_wconf 79' lang='lat' dir='ltr'>Qui</span> <span class='ocrx_word' id='word_1_3' title='bbox 271 393 352 462; x_wconf 89' lang='lat' dir='ltr'>bene</span> <span class='ocrx_word' id='word_1_4' title='bbox 365 395 450 476; x_wconf 74' lang='lat' dir='ltr'>vivit,</span> <span class='ocrx_word' id='word_1_5' title='bbox 464 397 545 462; x_wconf 86' lang='lat' dir='ltr'>bene</span> <span class='ocrx_word' id='word_1_6' title='bbox 558 398 706 476; x_wconf 83' lang='lat' dir='ltr'>nascitur,</span> <span class='ocrx_word' id='word_1_7' title='bbox 720 397 802 462; x_wconf 88' lang='lat' dir='ltr'>bene</span> <span class='ocrx_word' id='word_1_8' title='bbox 815 398 952 462; x_wconf 87' lang='lat' dir='ltr'>moritur.</span> 
     </span>
    </p>

    <p class='ocr_par' dir='ltr' id='par_1_3' title="bbox 146 479 1099 647">
     <span class='ocr_line' id='line_1_3' title="bbox 188 479 1099 577; baseline 0.007 -35"><span class='ocrx_word' id='word_1_9' title='bbox 188 479 432 546; x_wconf 85' lang='lat' dir='ltr'>Pulcbemimum</span> <span class='ocrx_word' id='word_1_10' title='bbox 445 481 616 545; x_wconf 80' lang='lat' dir='ltr'>nobilitatis</span> <span class='ocrx_word' id='word_1_11' title='bbox 629 503 730 577; x_wconf 81' lang='lat' dir='ltr'>genus</span> <span class='ocrx_word' id='word_1_12' title='bbox 750 492 808 560; x_wconf 74' lang='lat' dir='ltr'>est,</span> <span class='ocrx_word' id='word_1_13' title='bbox 829 503 923 565; x_wconf 87' lang='lat' dir='ltr'>quam</span> <span class='ocrx_word' id='word_1_14' title='bbox 940 481 1000 546; x_wconf 87' lang='lat' dir='ltr'>sibi</span> <span class='ocrx_word' id='word_1_15' title='bbox 1015 481 1099 566; x_wconf 88' lang='lat' dir='ltr'>quis-</span> 
     </span>
     <span class='ocr_line' id='line_1_4' title="bbox 146 564 999 647; baseline 0 -19"><span class='ocrx_word' id='word_1_16' title='bbox 146 581 207 646; x_wconf 87' lang='lat' dir='ltr'>que</span> <span class='ocrx_word' id='word_1_17' title='bbox 222 564 356 647; x_wconf 91' lang='lat' dir='ltr'>propriis</span> <span class='ocrx_word' id='word_1_18' title='bbox 368 564 531 629; x_wconf 86' lang='lat' dir='ltr'>virtutibus</span> <span class='ocrx_word' id='word_1_19' title='bbox 545 564 704 630; x_wconf 81' lang='lat' dir='ltr'>conciliat.</span> <span class='ocrx_word' id='word_1_20' title='bbox 996 641 999 644; x_wconf 22' lang='lat'>¹</span> 
     </span>
    </p>

    <p class='ocr_par' dir='ltr' id='par_1_4' title="bbox 188 648 1100 734">
     <span class='ocr_line' id='line_1_5' title="bbox 188 648 1100 734; baseline -0.004 -16"><span class='ocrx_word' id='word_1_21' title='bbox 188 648 319 718; x_wconf 80' lang='lat' dir='ltr'>Quanto</span> <span class='ocrx_word' id='word_1_22' title='bbox 333 649 465 715; x_wconf 86' lang='lat' dir='ltr'>nobilior</span> <span class='ocrx_word' id='word_1_23' title='bbox 479 671 522 727; x_wconf 86' lang='lat' dir='ltr'>es,</span> <span class='ocrx_word' id='word_1_24' title='bbox 538 660 624 713; x_wconf 88' lang='lat' dir='ltr'>tauto</span> <span class='ocrx_word' id='word_1_25' title='bbox 638 649 759 714; x_wconf 81' lang='lat' dir='ltr'>cautibs</span> <span class='ocrx_word' id='word_1_26' title='bbox 772 649 993 732; x_wconf 78' lang='lat' dir='ltr'>turpitudinem</span> <span class='ocrx_word' id='word_1_27' title='bbox 1015 649 1100 734; x_wconf 77' lang='lat' dir='ltr'>mgi-</span> 
     </span>
    </p>
   </div>
   <div class='ocr_carea' id='block_1_3' title="bbox 138 732 1182 2346">
    <p class='ocr_par' dir='ltr' id='par_1_5' title="bbox 141 732 1098 1151">
     <span class='ocr_line' id='line_1_6' title="bbox 145 732 1098 829; baseline 0.002 -33"><span class='ocrx_word' id='word_1_28' title='bbox 145 741 200 828; x_wconf 74' lang='lat' dir='ltr'>l⁰²</span> <span class='ocrx_word' id='word_1_29' title='bbox 220 732 297 796; x_wconf 91' lang='lat' dir='ltr'>nihil</span> <span class='ocrx_word' id='word_1_30' title='bbox 318 732 415 816; x_wconf 85' lang='lat' dir='ltr'>magis</span> <span class='ocrx_word' id='word_1_31' title='bbox 436 743 628 829; x_wconf 80' lang='lat' dir='ltr'>posterorum</span> <span class='ocrx_word' id='word_1_32' title='bbox 645 733 782 798; x_wconf 86' lang='lat' dir='ltr'>maculas</span> <span class='ocrx_word' id='word_1_33' title='bbox 796 733 905 817; x_wconf 89' lang='lat' dir='ltr'>aperit,</span> <span class='ocrx_word' id='word_1_34' title='bbox 918 733 1009 816; x_wconf 80' lang='lat' dir='ltr'>quim</span> <span class='ocrx_word' id='word_1_35' title='bbox 1029 755 1098 798; x_wconf 83' lang='lat' dir='ltr'>ma·</span> 
     </span>
     <span class='ocr_line' id='line_1_7' title="bbox 141 816 1097 998; baseline 0.001 -33"><span class='ocrx_word' id='word_1_36' title='bbox 141 817 402 986; x_wconf 53' lang='lat' dir='ltr'>Jorprpospppppp</span> <span class='ocrx_word' id='word_1_37' title='bbox 415 816 605 984; x_wconf 54' lang='lat' dir='ltr'>epirgldlrdiiim</span> <span class='ocrx_word' id='word_1_38' title='bbox 628 912 662 996; x_wconf 78' lang='lat' dir='ltr'>et</span> <span class='ocrx_word' id='word_1_39' title='bbox 689 911 733 978; x_wconf 93' lang='lat' dir='ltr'>tu,</span> <span class='ocrx_word' id='word_1_40' title='bbox 756 901 782 964; x_wconf 91' lang='lat' dir='ltr'>si</span> <span class='ocrx_word' id='word_1_41' title='bbox 803 902 849 964; x_wconf 84' lang='lat' dir='ltr'>vis</span> <span class='ocrx_word' id='word_1_42' title='bbox 870 922 939 968; x_wconf 86' lang='lat' dir='ltr'>esse</span> <span class='ocrx_word' id='word_1_43' title='bbox 960 899 1097 998; x_wconf 79' lang='lat' dir='ltr'>nobilis3</span> 
     </span>
     <span class='ocr_line' id='line_1_8' title="bbox 143 985 1096 1070; baseline 0.004 -22"><span class='ocrx_word' id='word_1_44' title='bbox 143 986 275 1070; x_wconf 84' lang='lat' dir='ltr'>majores</span> <span class='ocrx_word' id='word_1_45' title='bbox 290 986 334 1050; x_wconf 90' lang='lat' dir='ltr'>tui</span> <span class='ocrx_word' id='word_1_46' title='bbox 349 987 443 1060; x_wconf 86' lang='lat' dir='ltr'>enirn,</span> <span class='ocrx_word' id='word_1_47' title='bbox 464 986 523 1050; x_wconf 92' lang='lat' dir='ltr'>nisi</span> <span class='ocrx_word' id='word_1_48' title='bbox 547 985 665 1068; x_wconf 82' lang='lat' dir='ltr'>aliquid</span> <span class='ocrx_word' id='word_1_49' title='bbox 686 985 823 1070; x_wconf 81' lang='lat' dir='ltr'>egissent</span> <span class='ocrx_word' id='word_1_50' title='bbox 843 985 935 1050; x_wconf 86' lang='lat' dir='ltr'>laude</span> <span class='ocrx_word' id='word_1_51' title='bbox 956 987 1096 1070; x_wconf 77' lang='lat' dir='ltr'>dignum,</span> 
     </span>
     <span class='ocr_line' id='line_1_9' title="bbox 143 1069 591 1151; baseline 0.002 -19"><span class='ocrx_word' id='word_1_52' title='bbox 143 1090 302 1151; x_wconf 86' lang='lat' dir='ltr'>nunquam</span> <span class='ocrx_word' id='word_1_53' title='bbox 315 1069 438 1134; x_wconf 91' lang='lat' dir='ltr'>nobiles</span> <span class='ocrx_word' id='word_1_54' title='bbox 452 1069 591 1135; x_wconf 84' lang='lat' dir='ltr'>fuissent.</span> 
     </span>
    </p>

    <p class='ocr_par' dir='ltr' id='par_1_6' title="bbox 142 1153 1096 1323">
     <span class='ocr_line' id='line_1_10' title="bbox 186 1153 1096 1240; baseline 0.002 -24"><span class='ocrx_word' id='word_1_55' title='bbox 186 1153 289 1218; x_wconf 87' lang='lat' dir='ltr'>Satius</span> <span class='ocrx_word' id='word_1_56' title='bbox 302 1164 359 1233; x_wconf 80' lang='lat' dir='ltr'>est,</span> <span class='ocrx_word' id='word_1_57' title='bbox 383 1154 484 1236; x_wconf 89' lang='lat' dir='ltr'>inquit</span> <span class='ocrx_word' id='word_1_58' title='bbox 504 1155 626 1232; x_wconf 84' lang='lat' dir='ltr'>Cicero,</span> <span class='ocrx_word' id='word_1_59' title='bbox 649 1153 727 1218; x_wconf 90' lang='lat' dir='ltr'>meis</span> <span class='ocrx_word' id='word_1_60' title='bbox 740 1153 837 1238; x_wconf 86' lang='lat' dir='ltr'>gestis</span> <span class='ocrx_word' id='word_1_61' title='bbox 858 1153 978 1233; x_wconf 85' lang='lat' dir='ltr'>florere,</span> <span class='ocrx_word' id='word_1_62' title='bbox 1001 1155 1096 1240; x_wconf 79' lang='lat' dir='ltr'>quim</span> 
     </span>
     <span class='ocr_line' id='line_1_11' title="bbox 142 1236 458 1323; baseline 0.006 -23"><span class='ocrx_word' id='word_1_63' title='bbox 142 1236 292 1323; x_wconf 88' lang='lat' dir='ltr'>majorum</span> <span class='ocrx_word' id='word_1_64' title='bbox 306 1238 387 1304; x_wconf 70' lang='lat' dir='ltr'>fami</span> <span class='ocrx_word' id='word_1_65' title='bbox 400 1240 458 1304; x_wconf 88' lang='lat' dir='ltr'>uti.</span> 
     </span>
    </p>

    <p class='ocr_par' dir='ltr' id='par_1_7' title="bbox 460 1345 773 1405">
     <span class='ocr_line' id='line_1_12' title="bbox 460 1345 773 1405; baseline -0.006 -1"><span class='ocrx_word' id='word_1_66' title='bbox 460 1345 773 1405; x_wconf 78' lang='lat' dir='ltr'>MAGNANIMITAS.</span> 
     </span>
    </p>

    <p class='ocr_par' dir='ltr' id='par_1_8' title="bbox 140 1431 1095 1686">
     <span class='ocr_line' id='line_1_13' title="bbox 186 1431 1095 1520; baseline 0.002 -22"><span class='ocrx_word' id='word_1_67' title='bbox 186 1431 274 1498; x_wconf 93' lang='lat' dir='ltr'>Nihil</span> <span class='ocrx_word' id='word_1_68' title='bbox 297 1454 445 1520; x_wconf 82' lang='lat' dir='ltr'>magnum</span> <span class='ocrx_word' id='word_1_69' title='bbox 466 1446 513 1499; x_wconf 91' lang='lat' dir='ltr'>est</span> <span class='ocrx_word' id='word_1_70' title='bbox 535 1435 567 1499; x_wconf 91' lang='lat' dir='ltr'>in</span> <span class='ocrx_word' id='word_1_71' title='bbox 583 1433 675 1498; x_wconf 87' lang='lat' dir='ltr'>rebus</span> <span class='ocrx_word' id='word_1_72' title='bbox 688 1431 840 1513; x_wconf 88' lang='lat' dir='ltr'>humanis,</span> <span class='ocrx_word' id='word_1_73' title='bbox 860 1431 919 1498; x_wconf 90' lang='lat' dir='ltr'>nisi</span> <span class='ocrx_word' id='word_1_74' title='bbox 940 1453 1027 1499; x_wconf 88' lang='lat' dir='ltr'>meus</span> <span class='ocrx_word' id='word_1_75' title='bbox 1047 1434 1095 1500; x_wconf 69' lang='lat' dir='ltr'>in·⁴</span> 
     </span>
     <span class='ocr_line' id='line_1_14' title="bbox 141 1517 1094 1604; baseline 0.003 -23"><span class='ocrx_word' id='word_1_76' title='bbox 141 1517 262 1600; x_wconf 86' lang='lat' dir='ltr'>trepida</span> <span class='ocrx_word' id='word_1_77' title='bbox 276 1518 434 1602; x_wconf 87' lang='lat' dir='ltr'>periculis,</span> <span class='ocrx_word' id='word_1_78' title='bbox 447 1519 530 1584; x_wconf 88' lang='lat' dir='ltr'>mitis</span> <span class='ocrx_word' id='word_1_79' title='bbox 544 1519 577 1584; x_wconf 92' lang='lat' dir='ltr'>in</span> <span class='ocrx_word' id='word_1_80' title='bbox 590 1518 694 1583; x_wconf 85' lang='lat' dir='ltr'>hostes</span> <span class='ocrx_word' id='word_1_81' title='bbox 707 1517 856 1597; x_wconf 80' lang='lat' dir='ltr'>devictos,</span> <span class='ocrx_word' id='word_1_82' title='bbox 871 1517 979 1584; x_wconf 84' lang='lat' dir='ltr'>amicis</span> <span class='ocrx_word' id='word_1_83' title='bbox 994 1529 1094 1604; x_wconf 86' lang='lat' dir='ltr'>gruta,</span> 
     </span>
     <span class='ocr_line' id='line_1_15' title="bbox 140 1602 587 1686; baseline 0.004 -22"><span class='ocrx_word' id='word_1_84' title='bbox 140 1602 263 1665; x_wconf 84' lang='lat' dir='ltr'>cunctis</span> <span class='ocrx_word' id='word_1_85' title='bbox 275 1603 410 1686; x_wconf 87' lang='lat' dir='ltr'>denique</span> <span class='ocrx_word' id='word_1_86' title='bbox 426 1603 587 1670; x_wconf 85' lang='lat' dir='ltr'>benevola.</span> 
     </span>
    </p>

    <p class='ocr_par' dir='ltr' id='par_1_9' title="bbox 140 1685 1095 2008">
     <span class='ocr_line' id='line_1_16' title="bbox 183 1685 1095 1772; baseline 0.001 -22"><span class='ocrx_word' id='word_1_87' title='bbox 183 1685 402 1772; x_wconf 79' lang='lat' dir='ltr'>Magnanimus</span> <span class='ocrx_word' id='word_1_88' title='bbox 415 1699 476 1754; x_wconf 89' lang='lat' dir='ltr'>stat</span> <span class='ocrx_word' id='word_1_89' title='bbox 489 1698 592 1753; x_wconf 82' lang='lat' dir='ltr'>rectus</span> <span class='ocrx_word' id='word_1_90' title='bbox 606 1688 664 1754; x_wconf 90' lang='lat' dir='ltr'>sub</span> <span class='ocrx_word' id='word_1_91' title='bbox 684 1687 826 1772; x_wconf 84' lang='lat' dir='ltr'>quolibet</span> <span class='ocrx_word' id='word_1_92' title='bbox 846 1687 994 1772; x_wconf 88' lang='lat' dir='ltr'>pondere,</span> <span class='ocrx_word' id='word_1_93' title='bbox 1008 1686 1095 1752; x_wconf 87' lang='lat' dir='ltr'>nulla</span> 
     </span>
     <span class='ocr_line' id='line_1_17' title="bbox 140 1768 1095 1858; baseline 0.005 -26"><span class='ocrx_word' id='word_1_94' title='bbox 140 1768 228 1834; x_wconf 88' lang='lat' dir='ltr'>illurn</span> <span class='ocrx_word' id='word_1_95' title='bbox 241 1792 290 1836; x_wconf 89' lang='lat' dir='ltr'>res</span> <span class='ocrx_word' id='word_1_96' title='bbox 303 1771 453 1837; x_wconf 87' lang='lat' dir='ltr'>minorem</span> <span class='ocrx_word' id='word_1_97' title='bbox 467 1772 562 1837; x_wconf 79' lang='lat' dir='ltr'>lacit:</span> <span class='ocrx_word' id='word_1_98' title='bbox 584 1774 732 1858; x_wconf 86' lang='lat' dir='ltr'>quioquid</span> <span class='ocrx_word' id='word_1_99' title='bbox 746 1771 860 1838; x_wconf 87' lang='lat' dir='ltr'>eadere</span> <span class='ocrx_word' id='word_1_100' title='bbox 881 1772 914 1835; x_wconf 92' lang='lat' dir='ltr'>iu</span> <span class='ocrx_word' id='word_1_101' title='bbox 935 1771 1095 1837; x_wconf 88' lang='lat' dir='ltr'>hominem</span> 
     </span>
     <span class='ocr_line' id='line_1_18' title="bbox 140 1854 1094 1942; baseline 0.004 -24"><span class='ocrx_word' id='word_1_102' title='bbox 140 1864 252 1937; x_wconf 75' lang='lat' dir='ltr'>potest,</span> <span class='ocrx_word' id='word_1_103' title='bbox 267 1855 299 1919; x_wconf 92' lang='lat' dir='ltr'>in</span> <span class='ocrx_word' id='word_1_104' title='bbox 313 1877 346 1920; x_wconf 89' lang='lat' dir='ltr'>se</span> <span class='ocrx_word' id='word_1_105' title='bbox 371 1857 522 1922; x_wconf 84' lang='lat' dir='ltr'>cecidisse</span> <span class='ocrx_word' id='word_1_106' title='bbox 543 1879 606 1924; x_wconf 92' lang='lat' dir='ltr'>non</span> <span class='ocrx_word' id='word_1_107' title='bbox 628 1859 785 1942; x_wconf 82' lang='lat' dir='ltr'>queritur3</span> <span class='ocrx_word' id='word_1_108' title='bbox 805 1857 886 1922; x_wconf 83' lang='lat' dir='ltr'>vires</span> <span class='ocrx_word' id='word_1_109' title='bbox 899 1876 971 1920; x_wconf 89' lang='lat' dir='ltr'>suas</span> <span class='ocrx_word' id='word_1_110' title='bbox 984 1854 1094 1938; x_wconf 79' lang='lat' dir='ltr'>novit3</span> 
     </span>
     <span class='ocr_line' id='line_1_19' title="bbox 140 1937 538 2008; baseline 0.005 -4"><span class='ocrx_word' id='word_1_111' title='bbox 140 1937 236 2004; x_wconf 85' lang='lat' dir='ltr'>vineit</span> <span class='ocrx_word' id='word_1_112' title='bbox 249 1939 360 2006; x_wconf 87' lang='lat' dir='ltr'>virtute</span> <span class='ocrx_word' id='word_1_113' title='bbox 375 1939 538 2008; x_wconf 78' lang='lat' dir='ltr'>fortunam.</span> 
     </span>
    </p>

    <p class='ocr_par' dir='ltr' id='par_1_10' title="bbox 140 2023 1094 2186">
     <span class='ocr_line' id='line_1_20' title="bbox 182 2023 1094 2112; baseline 0.005 -26"><span class='ocrx_word' id='word_1_114' title='bbox 182 2023 250 2087; x_wconf 86' lang='lat' dir='ltr'>Eris</span> <span class='ocrx_word' id='word_1_115' title='bbox 262 2025 487 2110; x_wconf 81' lang='lat' dir='ltr'>magnanimus,</span> <span class='ocrx_word' id='word_1_116' title='bbox 509 2025 535 2091; x_wconf 89' lang='lat' dir='ltr'>si</span> <span class='ocrx_word' id='word_1_117' title='bbox 557 2027 697 2112; x_wconf 89' lang='lat' dir='ltr'>pericula</span> <span class='ocrx_word' id='word_1_118' title='bbox 716 2049 779 2094; x_wconf 91' lang='lat' dir='ltr'>uon</span> <span class='ocrx_word' id='word_1_119' title='bbox 793 2035 923 2112; x_wconf 85' lang='lat' dir='ltr'>appetas</span> <span class='ocrx_word' id='word_1_120' title='bbox 943 2034 980 2089; x_wconf 91' lang='lat' dir='ltr'>ut</span> <span class='ocrx_word' id='word_1_121' title='bbox 993 2035 1094 2091; x_wconf 85' lang='lat' dir='ltr'>terne·</span> 
     </span>
     <span class='ocr_line' id='line_1_21' title="bbox 140 2107 678 2186; baseline 0.015 -15"><span class='ocrx_word' id='word_1_122' title='bbox 140 2107 246 2186; x_wconf 88' lang='lat' dir='ltr'>rarius,</span> <span class='ocrx_word' id='word_1_123' title='bbox 260 2130 320 2173; x_wconf 84' lang='lat' dir='ltr'>nee</span> <span class='ocrx_word' id='word_1_124' title='bbox 336 2110 480 2176; x_wconf 85' lang='lat' dir='ltr'>formides</span> <span class='ocrx_word' id='word_1_125' title='bbox 493 2123 528 2176; x_wconf 92' lang='lat' dir='ltr'>ut</span> <span class='ocrx_word' id='word_1_126' title='bbox 542 2113 678 2178; x_wconf 89' lang='lat' dir='ltr'>timidus.</span> 
     </span>
    </p>

    <p class='ocr_par' dir='ltr' id='par_1_11' title="bbox 138 2191 1182 2346">
     <span class='ocr_line' id='line_1_22' title="bbox 181 2191 1182 2290; baseline 0.006 -34"><span class='ocrx_word' id='word_1_127' title='bbox 181 2192 317 2275; x_wconf 77' lang='lat' dir='ltr'>Oqulm</span> <span class='ocrx_word' id='word_1_128' title='bbox 330 2197 559 2290; x_wconf 82' lang='lat' dir='ltr'>conteumenda</span> <span class='ocrx_word' id='word_1_129' title='bbox 575 2219 625 2264; x_wconf 87' lang='lat' dir='ltr'>res</span> <span class='ocrx_word' id='word_1_130' title='bbox 646 2199 818 2278; x_wconf 83' lang='lat' dir='ltr'>esthemo,</span> <span class='ocrx_word' id='word_1_131' title='bbox 839 2194 899 2260; x_wconf 91' lang='lat' dir='ltr'>nisi</span> <span class='ocrx_word' id='word_1_132' title='bbox 920 2211 1014 2278; x_wconf 86' lang='lat' dir='ltr'>supra</span> <span class='ocrx_word' id='word_1_133' title='bbox 1034 2191 1094 2259; x_wconf 89' lang='lat' dir='ltr'>hu·</span> <span class='ocrx_word' id='word_1_134' title='bbox 1181 2259 1182 2262; x_wconf 74' lang='grc'>,</span> 
     </span>
     <span class='ocr_line' id='line_1_23' title="bbox 138 2290 413 2346; baseline 0.007 -4"><span class='ocrx_word' id='word_1_135' title='bbox 138 2296 231 2342; x_wconf 87' lang='lat' dir='ltr'>mana</span> <span class='ocrx_word' id='word_1_136' title='bbox 241 2290 413 2346; x_wconf 82' lang='lat' dir='ltr'>surrexerit.</span> 
     </span>
    </p>
   </div>
   <div class='ocr_carea' id='block_1_4' title="bbox 506 2385 715 2444">
    <p class='ocr_par' dir='ltr' id='par_1_12' title="bbox 506 2385 715 2444">
     <span class='ocr_line' id='line_1_24' title="bbox 506 2385 715 2444; baseline 0.01 -3"><span class='ocrx_word' id='word_1_137' title='bbox 506 2385 715 2444; x_wconf 76' lang='lat' dir='ltr'><strong>MODESTIA.</strong></span> 
     </span>
    </p>
   </div>
   <div class='ocr_carea' id='block_1_5' title="bbox 137 2470 1093 3401">
    <p class='ocr_par' dir='ltr' id='par_1_13' title="bbox 137 2470 1093 2707">
     <span class='ocr_line' id='line_1_25' title="bbox 181 2470 1093 2557; baseline -0.001 -22"><span class='ocrx_word' id='word_1_138' title='bbox 181 2470 377 2538; x_wconf 76' lang='lat' dir='ltr'>verecundia</span> <span class='ocrx_word' id='word_1_139' title='bbox 390 2483 438 2538; x_wconf 86' lang='lat' dir='ltr'>est</span> <span class='ocrx_word' id='word_1_140' title='bbox 457 2475 601 2540; x_wconf 89' lang='lat' dir='ltr'>omnibus</span> <span class='ocrx_word' id='word_1_141' title='bbox 621 2475 776 2552; x_wconf 70' lang='lat' dir='ltr'>atatibus,</span> <span class='ocrx_word' id='word_1_142' title='bbox 798 2472 946 2557; x_wconf 88' lang='lat' dir='ltr'>personis,</span> <span class='ocrx_word' id='word_1_143' title='bbox 969 2483 1093 2556; x_wconf 87' lang='lat' dir='ltr'>tempo-</span> 
     </span>
     <span class='ocr_line' id='line_1_26' title="bbox 137 2552 1091 2643; baseline 0.004 -25"><span class='ocrx_word' id='word_1_144' title='bbox 137 2552 232 2632; x_wconf 85' lang='lat' dir='ltr'>ribus,</span> <span class='ocrx_word' id='word_1_145' title='bbox 254 2567 287 2622; x_wconf 93' lang='lat' dir='ltr'>et</span> <span class='ocrx_word' id='word_1_146' title='bbox 308 2557 384 2622; x_wconf 85' lang='lat' dir='ltr'>loeis</span> <span class='ocrx_word' id='word_1_147' title='bbox 403 2568 494 2641; x_wconf 82' lang='lat' dir='ltr'>apte3</span> <span class='ocrx_word' id='word_1_148' title='bbox 515 2560 729 2624; x_wconf 77' lang='lat' dir='ltr'>adolescentes</span> <span class='ocrx_word' id='word_1_149' title='bbox 751 2570 856 2623; x_wconf 88' lang='lat' dir='ltr'>tamen</span> <span class='ocrx_word' id='word_1_150' title='bbox 873 2554 1091 2643; x_wconf 82' lang='lat' dir='ltr'>juvenilesque</span> 
     </span>
     <span class='ocr_line' id='line_1_27' title="bbox 138 2641 497 2707; baseline 0.008 -5"><span class='ocrx_word' id='word_1_151' title='bbox 138 2658 236 2702; x_wconf 77' lang='lat' dir='ltr'>amtor</span> <span class='ocrx_word' id='word_1_152' title='bbox 249 2641 380 2705; x_wconf 79' lang='lat' dir='ltr'>marinr&#39;e</span> <span class='ocrx_word' id='word_1_153' title='bbox 394 2643 497 2707; x_wconf 87' lang='lat' dir='ltr'>decet.</span> 
     </span>
    </p>

    <p class='ocr_par' dir='ltr' id='par_1_14' title="bbox 137 2722 1092 3040">
     <span class='ocr_line' id='line_1_28' title="bbox 180 2722 1092 2810; baseline -0.005 -18"><span class='ocrx_word' id='word_1_154' title='bbox 180 2722 285 2792; x_wconf 70' lang='lat' dir='ltr'>Quint</span> <span class='ocrx_word' id='word_1_155' title='bbox 310 2723 438 2807; x_wconf 85' lang='lat' dir='ltr'>pulchra</span> <span class='ocrx_word' id='word_1_156' title='bbox 460 2738 494 2792; x_wconf 91' lang='lat' dir='ltr'>et</span> <span class='ocrx_word' id='word_1_157' title='bbox 520 2729 613 2809; x_wconf 74' lang='lat' dir='ltr'>quam</span> <span class='ocrx_word' id='word_1_158' title='bbox 640 2726 803 2810; x_wconf 88' lang='lat' dir='ltr'>splendida</span> <span class='ocrx_word' id='word_1_159' title='bbox 825 2745 950 2810; x_wconf 86' lang='lat' dir='ltr'>gemma</span> <span class='ocrx_word' id='word_1_160' title='bbox 969 2745 1092 2788; x_wconf 89' lang='lat' dir='ltr'>morum</span> 
     </span>
     <span class='ocr_line' id='line_1_29' title="bbox 137 2808 1091 2890; baseline -0.001 -18"><span class='ocrx_word' id='word_1_161' title='bbox 137 2818 186 2872; x_wconf 87' lang='lat' dir='ltr'>est</span> <span class='ocrx_word' id='word_1_162' title='bbox 199 2808 360 2885; x_wconf 83' lang='lat' dir='ltr'>modestia,</span> <span class='ocrx_word' id='word_1_163' title='bbox 374 2811 450 2874; x_wconf 90' lang='lat' dir='ltr'>etin</span> <span class='ocrx_word' id='word_1_164' title='bbox 465 2810 536 2889; x_wconf 77' lang='lat' dir='ltr'>virt,</span> <span class='ocrx_word' id='word_1_165' title='bbox 550 2823 584 2876; x_wconf 90' lang='lat' dir='ltr'>et</span> <span class='ocrx_word' id='word_1_166' title='bbox 597 2813 629 2876; x_wconf 89' lang='lat' dir='ltr'>in</span> <span class='ocrx_word' id='word_1_167' title='bbox 643 2811 729 2877; x_wconf 85' lang='lat' dir='ltr'>vultu</span> <span class='ocrx_word' id='word_1_168' title='bbox 744 2809 971 2874; x_wconf 84' lang='lat' dir='ltr'>adolescentis!</span> <span class='ocrx_word' id='word_1_169' title='bbox 997 2811 1091 2890; x_wconf 75' lang='lat' dir='ltr'>quam</span> 
     </span>
     <span class='ocr_line' id='line_1_30' title="bbox 137 2891 1091 3040; baseline -0.001 -84"><span class='ocrx_word' id='word_1_170' title='bbox 137 2912 209 3040; x_wconf 58' lang='lat' dir='ltr'>repa</span> <span class='ocrx_word' id='word_1_171' title='bbox 222 2902 256 2956; x_wconf 90' lang='lat' dir='ltr'>et</span> <span class='ocrx_word' id='word_1_172' title='bbox 267 2891 392 2958; x_wconf 76' lang='lat' dir='ltr'>minime</span> <span class='ocrx_word' id='word_1_173' title='bbox 406 2895 501 2959; x_wconf 88' lang='lat' dir='ltr'>dubia</span> <span class='ocrx_word' id='word_1_174' title='bbox 523 2897 614 2962; x_wconf 83' lang='lat' dir='ltr'>bonae</span> <span class='ocrx_word' id='word_1_175' title='bbox 639 2895 706 2980; x_wconf 87' lang='lat' dir='ltr'>spei</span> <span class='ocrx_word' id='word_1_176' title='bbox 730 2894 850 2972; x_wconf 85' lang='lat' dir='ltr'>nuntia,</span> <span class='ocrx_word' id='word_1_177' title='bbox 870 2894 961 2958; x_wconf 77' lang='lat' dir='ltr'>bonae</span> <span class='ocrx_word' id='word_1_178' title='bbox 977 2891 1091 2958; x_wconf 89' lang='lat' dir='ltr'>indolis</span> 
     </span>
     <span class='ocr_line' id='line_1_31' title="bbox 137 2997 241 3040; baseline -0.019 0"><span class='ocrx_word' id='word_1_179' title='bbox 137 2997 170 3040; x_wconf 88' lang='lat' dir='ltr'>rn</span> <span class='ocrx_word' id='word_1_180' title='bbox 192 2998 241 3040; x_wconf 84' lang='lat' dir='ltr'>ex.</span> 
     </span>
    </p>

    <p class='ocr_par' dir='ltr' id='par_1_15' title="bbox 137 3061 1090 3228">
     <span class='ocr_line' id='line_1_32' title="bbox 179 3061 1090 3148; baseline -0.002 -22"><span class='ocrx_word' id='word_1_181' title='bbox 179 3061 286 3126; x_wconf 86' lang='lat' dir='ltr'>Plures</span> <span class='ocrx_word' id='word_1_182' title='bbox 313 3062 431 3144; x_wconf 89' lang='lat' dir='ltr'>pudore</span> <span class='ocrx_word' id='word_1_183' title='bbox 458 3064 622 3148; x_wconf 82' lang='lat' dir='ltr'>peccandi,</span> <span class='ocrx_word' id='word_1_184' title='bbox 651 3065 743 3148; x_wconf 76' lang='lat' dir='ltr'>quiun</span> <span class='ocrx_word' id='word_1_185' title='bbox 766 3062 850 3128; x_wconf 67' lang='lat' dir='ltr'>bonis</span> <span class='ocrx_word' id='word_1_186' title='bbox 880 3062 1040 3127; x_wconf 86' lang='lat' dir='ltr'>voluntate</span> <span class='ocrx_word' id='word_1_187' title='bbox 1073 3081 1090 3124; x_wconf 90' lang='lat' dir='ltr'>a</span> 
     </span>
     <span class='ocr_line' id='line_1_33' title="bbox 137 3145 480 3228; baseline 0.003 -18"><span class='ocrx_word' id='word_1_188' title='bbox 137 3145 299 3228; x_wconf 84' lang='lat' dir='ltr'>prohibitis</span> <span class='ocrx_word' id='word_1_189' title='bbox 314 3145 480 3211; x_wconf 85' lang='lat' dir='ltr'>abstinent.</span> 
     </span>
    </p>

    <p class='ocr_par' dir='ltr' id='par_1_16' title="bbox 137 3227 1092 3401">
     <span class='ocr_line' id='line_1_34' title="bbox 179 3227 1092 3313; baseline 0 -21"><span class='ocrx_word' id='word_1_190' title='bbox 179 3228 338 3313; x_wconf 86' lang='lat' dir='ltr'>Diogenes</span> <span class='ocrx_word' id='word_1_191' title='bbox 365 3230 631 3297; x_wconf 86' lang='lat' dir='ltr'>adolescentulum</span> <span class='ocrx_word' id='word_1_192' title='bbox 658 3231 822 3297; x_wconf 86' lang='lat' dir='ltr'>inhonesto</span> <span class='ocrx_word' id='word_1_193' title='bbox 845 3230 941 3296; x_wconf 85' lang='lat' dir='ltr'>verbo</span> <span class='ocrx_word' id='word_1_194' title='bbox 965 3227 1092 3294; x_wconf 88' lang='lat' dir='ltr'>erubes-</span> 
     </span>
     <span class='ocr_line' id='line_1_35' title="bbox 137 3312 981 3401; baseline 0.001 -25"><span class='ocrx_word' id='word_1_195' title='bbox 137 3321 269 3390; x_wconf 81' lang='lat' dir='ltr'>centem,</span> <span class='ocrx_word' id='word_1_196' title='bbox 289 3312 419 3398; x_wconf 80' lang='lat' dir='ltr'>Gonfide,</span> <span class='ocrx_word' id='word_1_197' title='bbox 434 3314 612 3401; x_wconf 70' lang='lat' dir='ltr'>inquitfili,</span> <span class='ocrx_word' id='word_1_198' title='bbox 626 3317 700 3381; x_wconf 79' lang='lat' dir='ltr'>lsirce</span> <span class='ocrx_word' id='word_1_199' title='bbox 712 3315 791 3380; x_wconf 84' lang='lat' dir='ltr'>color</span> <span class='ocrx_word' id='word_1_200' title='bbox 805 3316 917 3380; x_wconf 60' lang='lat' dir='ltr'>virtuti</span> <span class='ocrx_word' id='word_1_201' title='bbox 932 3324 981 3378; x_wconf 86' lang='lat' dir='ltr'>est.</span> 
     </span>
    </p>
   </div>
   <div class='ocr_carea' id='block_1_6' title="bbox 180 3439 1025 3610">
    <p class='ocr_par' dir='ltr' id='par_1_17' title="bbox 180 3439 1025 3610">
     <span class='ocr_line' id='line_1_36' title="bbox 523 3439 700 3494; baseline 0.006 -2"><span class='ocrx_word' id='word_1_202' title='bbox 523 3439 700 3494; x_wconf 73' lang='lat' dir='ltr'><strong>VERITAS.</strong></span> 
     </span>
     <span class='ocr_line' id='line_1_37' title="bbox 180 3519 1025 3610; baseline 0.002 -24"><span class='ocrx_word' id='word_1_203' title='bbox 180 3519 266 3590; x_wconf 91' lang='lat' dir='ltr'>Nihil</span> <span class='ocrx_word' id='word_1_204' title='bbox 281 3523 410 3591; x_wconf 86' lang='lat' dir='ltr'>veritate</span> <span class='ocrx_word' id='word_1_205' title='bbox 423 3526 559 3591; x_wconf 87' lang='lat' dir='ltr'>sanctius</span> <span class='ocrx_word' id='word_1_206' title='bbox 573 3537 606 3593; x_wconf 91' lang='lat' dir='ltr'>et</span> <span class='ocrx_word' id='word_1_207' title='bbox 620 3527 784 3610; x_wconf 85' lang='lat' dir='ltr'>pretiosius</span> <span class='ocrx_word' id='word_1_208' title='bbox 798 3525 904 3592; x_wconf 88' lang='lat' dir='ltr'>haberi</span> <span class='ocrx_word' id='word_1_209' title='bbox 919 3525 1025 3591; x_wconf 90' lang='lat' dir='ltr'>debet.</span> 
     </span>
    </p>
   </div>
   <div class='ocr_carea' id='block_1_7' title="bbox 0 0 1194 3832">
    <p class='ocr_par' dir='ltr' id='par_1_18' title="bbox 0 0 1194 3832">
     <span class='ocr_line' id='line_1_38' title="bbox 0 0 1194 3832; baseline 0 1"><span class='ocrx_word' id='word_1_210' title='bbox 0 0 1194 3832; x_wconf 95' lang='lat' dir='ltr'> </span> 
     </span>
    </p>
   </div>
  </div>
 </body>
</html>
