2380 3832
8 2847 13 2945 r

520 63 588 136 102

126 242 234 308 Gratia
247 254 295 308 est
313 244 458 328 habenda
470 255 599 324 nature,
614 245 698 327 quiid
710 263 759 322 ea,
771 262 842 328 qum
856 245 1033 310 necessaria

84 337 164 404 sunt,
179 327 328 411 parabilis
351 329 479 409 fecerit3
501 350 570 412 quae
595 341 700 396 autem
722 349 786 396 non
806 329 897 394 facile
922 351 1033 413 parau-

84 421 142 489 tur,
156 411 280 475 minime
299 413 482 478 necessaria.
527 413 679 478 Naturam
698 413 812 478 ducem
825 413 851 476 si
865 415 1032 496 sequimur,

83 515 240 578 nunquam
255 497 472 560 aberrabimus.

126 579 259 643 Meliora
282 591 353 644 sunt
375 601 414 644 ea
431 601 501 664 quse
523 582 640 659 nature,
662 581 755 664 quim
778 602 850 663 qum
871 593 937 646 arte
962 603 1034 665 per-

84 663 168 728 fecta
182 674 263 727 sunt.

458 763 654 820 FORTUNA.

87 853 198 1001 fPlias
233 853 407 920 hominibus
436 855 573 932 adverse,
606 854 698 936 quim
725 873 872 938 prospera
907 853 1032 936 prodest

99 951 219 1003 ortuna.

127 1023 200 1087 Non
231 1023 329 1088 solium
359 1023 426 1106 ipsa
453 1023 758 1100 fortunecaeoaest,
780 1024 949 1089 sedetiam
976 1045 1032 1088 eos

85 1107 265 1190 plerumque
279 1129 383 1172 caecos
396 1107 494 1172 efficit
508 1127 584 1188 quos
598 1107 825 1190 complectitur.

128 1192 214 1256 Nihil
228 1191 319 1274 eripit
333 1191 451 1256 fortuna
477 1191 535 1255 nisi
550 1191 633 1272 quod
647 1191 748 1256 dedit:
770 1192 913 1258 virtutem
926 1203 1032 1258 autem

84 1297 147 1340 non
161 1277 256 1354 dedit,
271 1277 342 1340 ideo
354 1297 417 1340 non
431 1274 573 1340 detrahit.

126 1360 185 1424 Ille
199 1361 323 1424 insanus
336 1372 392 1438 est,
407 1361 459 1442 qui
474 1359 561 1424 alteri
582 1357 733 1424 fortimam
755 1359 939 1444 exprobrem
960 1363 1032 1426 ciun

85 1467 177 1510 uerno
191 1446 277 1524 sciat,
292 1445 410 1509 etiamsi
426 1445 537 1510 florens
551 1443 599 1522 sit,
614 1465 654 1508 un
677 1445 717 1508 ad
740 1465 899 1528 uesperam
920 1447 1031 1512 eadem

86 1530 207 1594 fortuna
220 1531 259 1596 sit
272 1551 423 1596 mansura.

127 1614 292 1678 Neminem
314 1615 441 1680 adversa
462 1613 583 1678 fortuna
607 1613 815 1678 comminuere
837 1625 948 1698 potest,
971 1615 1031 1678 nisi

86 1720 179 1782 quem
193 1700 332 1764 secunda
344 1697 480 1781 decepit.

127 1783 238 1846 Brutus
251 1784 283 1846 in
305 1804 343 1847 eo
365 1783 454 1862 libro,
473 1804 565 1866 quem
589 1784 628 1847 de
652 1784 762 1848 virtute
784 1783 915 1868 scripsit,
935 1783 987 1861 ait,
1001 1806 1031 1848 re

84 1867 186 1931 vidisse
226 1867 409 1946 Marcellum
465 1867 616 1954 Mitylenis
667 1868 835 1946 mulcantem,
876 1867 1031 1932 beatissimi

84 1953 228 2101 picentum,
262 1975 352 2040 aeque
380 1975 507 2039 unquam
541 1955 607 2018 anti
641 1953 780 2018 bonorum
810 1953 915 2017 ortium
951 1951 1030 2038 eupi-

105 2060 200 2101 mrem.

447 2135 667 2192 PATIENTIA.

126 2229 235 2294 Omnis
249 2228 336 2293 dolor
350 2229 499 2312 patientis
519 2228 651 2292 lenitura
672 2228 735 2292 alia
755 2227 823 2291 aliis
847 2227 935 2292 malis
959 2237 1032 2292 sunt

84 2315 230 2392 remedie,
245 2314 393 2397 patientia
411 2324 516 2378 sutem
536 2325 700 2378 corrunune
724 2323 772 2376 est
793 2311 944 2377 malorum
966 2333 1032 2378 om·

83 2400 169 2465 nirnn
183 2399 394 2463 lenimentum.

128 2483 203 2547 Sine
217 2483 343 2566 querele
355 2483 535 2548 mortalibus
561 2483 676 2546 tributa
689 2484 868 2566 pendamus.
913 2483 1033 2568 Hyems

86 2568 200 2652 frigora
226 2567 364 2645 adducit,
391 2568 558 2652 algendum
578 2579 646 2647 est3
676 2579 768 2631 aestas
789 2568 908 2632 calores
929 2567 1033 2644 refert,

85 2652 277 2716 aestuandum
302 2663 368 2716 est:
389 2651 584 2735 intemperies
606 2652 679 2716 cmli
701 2651 909 2716 valetudinem
923 2663 1033 2728 tentat,

85 2737 299 2822 mgrotandiun
320 2749 377 2816 est,
392 2749 426 2802 et
449 2737 514 2802 sera
531 2737 622 2823 nobis
642 2738 786 2816 occurrit,
800 2746 833 2801 et
852 2737 946 2801 homo
961 2735 1033 2800 seris

85 2823 228 2886 omnibus
243 2823 453 2904 perniciosiora

128 2906 288 2990 Optimum
316 2918 363 2972 est
397 2908 459 2991 pati
489 2907 573 2990 quod
601 2907 767 2974 emendare
787 2927 851 2971 non
871 2905 979 2990 possis,
1001 2913 1036 2968 et

87 2992 189 3057 Deum
203 2992 269 3056 sine
283 2993 521 3057 murmuratione
536 2993 687 3058 comitari.

128 3076 232 3142 Malus
245 3075 335 3141 miles
348 3088 406 3156 est,
420 3077 474 3159 qui
488 3077 703 3160 imperatorem
716 3097 844 3164 gemens
858 3074 1008 3157 sequitur.

428 3220 697 3279 consuendum

14 3277 16 3356 ζ
128 3289 216 3358 Nihil
231 3301 295 3356 tam
309 3292 428 3356 firmum
445 3302 492 3356 est
514 3293 547 3356 in
571 3293 663 3360 rebus
680 3291 830 3370 humanis,
845 3290 936 3374 quam
949 3298 1035 3356 vete·

15 3376 17 3410 ¹*
87 3373 128 3440 ris
142 3377 374 3440 consuetudinis
387 3377 558 3461 imperium.
