2386 3822
552 195 603 270 35

151 378 209 443 Cui
231 378 357 442 Iranous
390 375 502 443 mirans
525 375 622 442 dixit:
660 375 728 457 quia
749 383 798 442 est
820 393 900 460 ergo
921 375 977 442 illa
1000 377 1054 460 qur

109 463 201 528 modo
215 463 319 528 attulit
331 460 406 526 milri
420 461 535 537 cibum,
548 471 581 524 et
593 460 646 524 oui
664 469 848 545 apprecatru
868 481 937 524 sum
950 461 1057 526 ombia

6 611 9 624 ,
111 548 220 624 seusu,
234 558 381 628 tanquam
395 544 624 630 primogenito?
961 577 964 585 ‹

6 685 9 698 .
151 631 249 702 Quod
271 631 399 694 audiens
420 629 517 694 Esaiis
538 627 637 694 edidit
655 649 803 714 magnum
824 627 1002 707 clamorem,
1022 640 1057 696 ct

111 715 254 799 implavit
265 715 392 780 domum
405 713 559 781 lamentis.

557 863 608 922 33.

153 979 249 1044 Errair
263 980 373 1044 ardens
387 979 431 1042 ira
443 977 618 1042 minabatur
631 988 761 1042 mortem
774 976 906 1042 Iacobo.

153 1065 260 1134 Quare
274 1064 424 1128 Rebecca
437 1073 535 1126 mater
548 1061 661 1124 timens
674 1062 791 1126 dilecto
812 1061 876 1125 lilio
891 1081 957 1138 auo,
971 1062 1057 1146 llige,-

110 1149 219 1231 inquit,
234 1148 277 1212 fili
300 1149 362 1228 mi3
382 1147 435 1211 abi
457 1147 497 1210 ad
517 1146 680 1210 Labanum
700 1145 885 1210 avunculum
906 1157 1004 1222 tuum,
1024 1159 1058 1210 et

24 1228 27 1234 ’
111 1253 298 1298 commorare
313 1232 396 1314 apud
410 1252 492 1308 eum,
505 1230 606 1293 donec
622 1229 668 1292 ira
681 1229 780 1294 fratria
794 1230 838 1293 tui
852 1229 1056 1294 defervescat

152 1317 298 1393 Iacobus,
312 1316 453 1379 dimissus
467 1337 487 1378 a
504 1315 597 1398 patre'
615 1324 648 1378 et
668 1323 775 1392 matre,
793 1313 948 1396 profectus
963 1315 1057 1378 estin

111 1400 379 1484 Mesopotamiam.

154 1486 216 1550 Iter
237 1484 354 1548 faciens
368 1483 507 1566 pervenit
527 1483 567 1545 ad
588 1481 741 1562 quendam
755 1480 869 1558 locum,
885 1482 939 1545 ubi
960 1481 1058 1546 sessos

111 1570 150 1636 de
175 1570 225 1634 vib
246 1567 461 1652 pernoctavit:
491 1567 652 1650 supposuit
673 1564 809 1652 lapidem
830 1566 926 1652 capiti
947 1587 1005 1629 suo
1024 1575 1059 1630 ct

112 1652 309 1722 obdormivit.
774 1691 776 1700 ι

154 1869 291 1934 Iacobus
311 1868 388 1932 vidit
407 1869 440 1930 in
461 1867 574 1930 somnis
596 1865 724 1942 scalam,
744 1887 814 1948 quac
839 1867 943 1930 irmina
955 1876 1058 1933 term

112 1953 287 2036 pertinebat
301 1952 341 2036 ad
355 1951 479 2028 coelum,
504 1961 597 2032 atque
619 1951 747 2032 angelos
769 1951 829 2014 Dei
854 1952 1058 2016 ascendeutes

111 2048 144 2102 et
157 2037 402 2102 descendente:
426 2035 542 2097 audivit
555 2034 722 2096 Dominum
737 2035 895 2098 dicentem
909 2035 983 2099 sibi:
996 2057 1060 2118 ego

112 2143 180 2184 sum
201 2121 288 2266 Deps
308 2119 405 2202 patris
424 2119 480 2196 tui,
493 2118 577 2181 dabo
598 2117 654 2180 tibi
676 2127 711 2181 et
729 2118 858 2201 posteris
872 2119 933 2182 tuis
947 2129 1060 2188 tanam

112 2227 163 2269 cur
179 2226 252 2267 meu
276 2225 318 2266 as.

155 2289 229 2352 Noli
251 2288 358 2352 timere
370 2311 379 2366 3
400 2307 461 2370 ago
475 2285 587 2350 favebo
599 2285 655 2349 tibi
670 2309 680 2366 3
701 2307 756 2349 ero
769 2295 875 2350 custos
888 2297 968 2365 tuus,
981 2307 1060 2370 quo·

111 2393 246 2454 cumque
261 2372 437 2454 perrexeris,
452 2382 485 2435 et
498 2371 645 2434 reducam
660 2379 690 2434 te
706 2369 737 2433 in
748 2371 888 2452 patriam,
903 2391 940 2436 ac
956 2393 1013 2456 per
1026 2383 1058 2436 te

112 2479 219 2524 omnes
232 2457 316 2521 orbis
329 2456 469 2520 nationes
483 2465 575 2518 erunt
585 2454 675 2518 bonis
689 2453 866 2518 cumulatae

155 2541 294 2605 lacobus
306 2537 541 2625 expergefactus
556 2537 694 2602 adoravit
706 2537 886 2604 Dominum.

557 2712 610 2771 35.

155 2824 292 2888 lacobus
313 2823 373 2886 iter
388 2833 568 2906 persecutus
581 2820 720 2906 pervenit
733 2821 765 2884 in
781 2821 1061 2906 Mesopotamiam:

112 2908 189 2972 vidit
204 2918 265 2972 tras
278 2928 426 2990 pecorum
440 2927 552 2990 greges
566 2917 690 2989 propter
705 2917 832 2990 puteum
846 2908 1009 2972 cubantes.

156 2991 237 3055 Nam
257 3011 297 3054 ex
317 3013 357 3054 eo
377 3001 473 3074 puteo
493 3011 605 3074 greges
636 2990 777 3054 solebant
803 2992 962 3074 adaquari.
1014 2992 1061 3056 Os

113 3075 200 3160 putei
215 3074 419 3138 claudebatur
432 3075 551 3158 ingenti
566 3073 679 3157 lapide.

156 3159 296 3222 lacobus
322 3160 455 3223 accessit
478 3159 564 3235 illuc,
579 3169 611 3222 et
630 3159 708 3222 dixit
728 3161 922 3242 pastoribus:
942 3159 1062 3242 baum,

102 3243 199 3310 ‘undo
208 3243 308 3310 estis?
329 3244 382 3326 qai
395 3244 638 3326 responderunt:
658 3263 698 3306 err
711 3245 787 3308 urbe
802 3243 921 3308 Haran.

157 3327 247 3397 Quos
261 3327 461 3412 interrogauit
475 3329 595 3404 iterum,
608 3327 758 3392 obelis-ne
776 3329 965 3394 Labaunm?
984 3329 1062 3394 Dix-

111 3421 215 3488 eruut',
234 3412 387 3476 neamus
430 3411 594 3476 Valet-net
614 3410 707 3487 ualet,
721 3411 886 3494 inquiunt:
904 3433 982 3478 ecoe
995 3413 1062 3478 Ra·

115 3496 187 3560 cbel
202 3495 265 3560 filia
278 3497 345 3581 ejus
358 3497 443 3562 venit
457 3517 530 3562 cum
543 3515 640 3581 grege
654 3516 722 3560 suo.
