2386 3822
551 163 598 234 80

137 343 271 410 Arbores
284 354 339 410 aut
351 345 468 410 semiue
481 345 674 429 proveniunt,
689 354 746 409 aut
759 355 910 410 comto
923 344 1042 410 arboris

96 438 237 577 tmpppus
250 513 396 578 ooelestes
414 513 471 577 nisi
485 512 550 578 sole
565 513 695 578 adverso
706 533 769 578 nos
784 513 881 594 imru
902 533 963 580 neo
984 535 1041 579 un·

96 616 188 680 quam
203 598 260 662 nisi
275 598 393 662 dimidii
408 597 517 661 circuli
532 597 637 662 formis

138 681 291 747 Arborum
305 681 372 746 aliis
386 682 535 746 decidunt
556 680 638 758 solia,
652 680 722 746 sliae
741 682 927 765 sempiterni
950 684 1041 748 comi
1179 696 1184 769 ζ

95 778 203 829 virent.

137 849 316 934 Fulgetrum
351 849 433 934 priris
462 849 599 914 cernitur
629 850 720 932 quim
751 850 881 914 tonitrus
908 850 1039 928 auditur,

94 953 190 1016 quum
205 934 294 998 simul
312 935 394 998 liant.
1031 945 1035 952 ·

136 1017 212 1082 Sola
227 1018 328 1081 laurus
342 1016 468 1081 fulmine
482 1037 545 1082 non
559 1018 659 1082 icitur.

136 1101 232 1166 Pbme
252 1123 290 1166 ex
309 1103 479 1181 arboribus,
503 1103 528 1166 si
550 1113 622 1166 sunt
644 1105 749 1181 cruda,
764 1105 794 1170 vi
809 1102 991 1182 avelluntur,
1013 1104 1040 1168 si

93 1198 223 1265 matura,
236 1186 396 1251 decidunt.

136 1375 256 1442 Indicia
269 1376 369 1441 {etatis
383 1377 414 1440 in
428 1376 572 1442 cornibus
586 1378 669 1442 cervi
683 1387 804 1462 gerunt.

133 1459 296 1526 Columbae
307 1472 339 1525 et
353 1473 484 1526 turtures
498 1463 618 1526 octonis
633 1463 720 1526 annis
733 1463 847 1526 vivunt.

135 1546 284 1628 Quinque
312 1567 418 1610 sensus
439 1556 548 1611 natura
569 1546 775 1612 animantibus
796 1547 901 1632 dedit3
929 1548 1039 1628 visum,

93 1630 243 1708 auditum,
257 1641 392 1716 gustum,
406 1639 533 1709 tactum,
548 1629 720 1696 odoratum.

110 1775 113 1780 .
136 1713 326 1798 Elephantus
340 1713 472 1797 poplites
485 1715 567 1778 intus
581 1715 689 1793 flectit,
704 1715 835 1780 hominis
848 1717 952 1784 modo.

136 1796 208 1862 Nou
222 1799 333 1862 eodem
346 1819 467 1881 semper
480 1797 551 1863 loco
565 1798 610 1861 sol
625 1799 730 1877 oritur,
745 1811 797 1864 aut
811 1801 937 1866 occidit.

136 1881 211 1946 Sine
224 1882 355 1946 mixturi
367 1882 446 1946 lucis
459 1881 535 1946 nibil
549 1904 564 1946 s
587 1882 744 1948 lendidum
757 1895 814 1949 est.

134 1965 258 2032 Minora
271 1965 387 2032 lumina
400 1965 524 2032 claritas
537 1904 610 2031 solis
624 1967 780 2033 obscurat.

545 2091 564 2152 9

135 2190 286 2256 Nonnulli
300 2188 400 2254 fontes
414 2207 511 2270 aquea
523 2133 690 2252 bullientes
703 2188 857 2254 emittunt.

134 2275 306 2374 Leontinus
332 2271 465 2358 Gorgias
491 2284 618 2338 centum
638 2283 672 2337 et
692 2283 811 2356 septem
831 2293 929 2338 annos
951 2293 1039 2338 oom-

93 2361 293 2512 Plllltsiduut
312 2463 414 2527 poma,
427 2441 453 2506 si
467 2441 580 2506 imbres
599 2451 653 2505 aut
672 2439 808 2520 defuere,
821 2451 877 2506 aut
899 2442 1039 2508 abunda·

92 2531 250 2679 velleneri
274 2611 476 2676 animantium
493 2609 577 2674 omni
597 2621 645 2674 est
668 2630 688 2674 a
710 2611 820 2674 naturis
832 2609 990 2689 tributum,
1003 2621 1040 2674 ut

93 2699 232 2764 declinet
244 2717 283 2762 ea
296 2717 367 2780 quae
382 2695 522 2760 uooitura
534 2694 706 2760 videantur.
825 2755 827 2760 .

134 2781 273 2880 Pyrenei
286 2789 407 2877 montes
427 2778 545 2843 Gallias
568 2778 795 2876 Hispaniasque
816 2779 1039 2877 distenuineut.

134 2868 269 2933 Puerum
296 2876 355 2928 tris
381 2883 498 2948 genera
523 2871 615 2926 sunt:
641 2884 674 2928 ru
695 2883 800 2946 prmus
819 2883 890 2944 quie
911 2862 1040 2942 moll1a3

92 2951 214 3106 ‘iffi
219 2959 366 3047 contecta
378 2947 488 3012 crustis
511 2946 675 3026 tenuibus3
696 2946 850 3030 postremb
864 2946 951 3012 terris
964 2967 1041 3012 eou-
1162 3041 1164 3046 Ι

93 3061 113 3104 c
215 3055 288 3100 uns.

542 3119 590 3179 10.

135 3225 274 3308 Zopyrus
295 3243 329 3287 ss
349 3230 491 3285 naturam
512 3217 663 3302 cujusque
686 3237 725 3282 ex
745 3217 843 3282 forms
862 3217 1040 3303 perspicere

94 3306 550 3488 poppupcrpppetpptppom
573 3407 607 3484 ae
627 3387 660 3452 id
682 3387 807 3486 dpoere‚
827 3387 961 3470 quinam
974 3405 1041 3454 ver·

94 3478 203 3544 borum
216 3473 363 3542 iudustrai
375 3493 471 3538 causa
483 3473 630 3570 infamior
646 3470 753 3537 sortior
765 3471 861 3538 lieret.
