2386 3822
577 197 622 270 16

178 375 256 452 Soli
279 375 349 452 sibi
372 387 490 453 cavet.

177 475 372 574 Imperium
396 500 470 551 non
494 474 562 549 sibi
587 475 652 550 sed
677 476 803 574 patrie
827 475 1000 574 qnaesivit.

174 573 297 650 Nemo
321 575 390 650 sibi
413 573 481 649 soli
505 586 611 648 natus
635 587 701 648 est.

176 671 251 764 Qui
276 673 443 748 virtutem
468 695 572 746 ruam
595 672 773 770 publicari
796 673 883 762 vult,
906 695 979 748 non
1004 672 1073 748 vir·

126 771 196 846 tuti
220 771 372 860 laborat,
397 771 462 846 sed
487 771 622 868 gloria.

177 968 275 1044 Serit
308 970 456 1044 arbores
489 967 663 1066 agricola,
698 992 778 1067 qna
811 966 916 1044 alteri
948 967 1075 1044 seculo

151 1068 276 1142 rosint.

125 1090 150 1166 p
175 1166 233 1238 An
258 1178 393 1241 noceat
417 1165 471 1239 ris
495 1164 568 1240 ulla
591 1163 719 1239 bono?

173 1261 434 1338 Blandiebatur
459 1265 589 1360 eoeptis
614 1263 770 1338 fortuna.

175 1359 357 1459 Imperare
382 1363 450 1435 sibi
475 1363 669 1436 maximnm
694 1375 750 1436 est
772 1361 973 1462 imparium.

174 1459 371 1558 Repugnat
395 1461 560 1559 voluptas
583 1461 745 1536 sanitati.
1183 1555 1184 1562 ἵ

174 1557 259 1636 Plias
275 1559 440 1636 homines
457 1560 573 1636 oculis
590 1559 699 1659 quam
715 1561 861 1636 auribus
883 1560 1046 1637 credunt.
1183 1581 1184 1662 t

128 1917 231 1996 Verba
254 1917 492 2018 componant
507 1905 589 1994 with
608 1917 938 2010 sarracenam
959 1945 1078 1998 nrm.
1183 1993 1184 2024 1

213 2056 316 2134 Verba
338 2057 573 2159 compocnded
595 2059 677 2134 citt
702 2084 762 2149 nn,
789 2085 895 2149 anne,
914 2059 982 2135 &c-
1183 2059 1184 2070 ’

350 2257 440 2319 satas
456 2256 488 2307 a.
504 2256 666 2320 arf-sam,
679 2257 694 2322 r
707 2257 731 2310 a
746 2257 843 2320 aar.

124 2453 144 2530 s
174 2355 324 2432 Ceteris
349 2356 546 2445 satisfacio,
572 2357 660 2431 mihi
683 2357 753 2455 ipsi
770 2381 951 2456 nunquam
967 2357 1078 2433 satis-

139 2477 232 2530 acro.

173 2551 368 2627 Pulchrum
393 2565 450 2626 est
472 2553 691 2629 benefacere
715 2555 932 2654 reipublice.

173 2652 321 2749 Aspirat
344 2651 489 2724 fortuna
512 2650 638 2726 labori.

172 2749 341 2824 Imminet
365 2750 566 2850 aequeribns
590 2751 769 2848 scopulus.

172 2849 275 2924 More
300 2849 466 2922 omnibus
490 2849 687 2948 impendet.

173 2946 365 3043 Principiis
389 2949 505 3022 obsta.

8 3087 10 3110 r
170 3044 279 3120 Bona
302 3045 521 3120 existimatio
545 3045 677 3122 divitiis
700 3055 858 3144 praestat.

171 3141 231 3221 Ne
254 3143 452 3223 succumbe
477 3143 591 3219 malis.
