2386 3822
551 205 599 276 ΒΞ

143 465 334 534 ffirundines
358 470 424 535 luto
447 471 535 535 nidos
550 393 744 548 1εὲιιιεῑιιιιιιιι,
764 481 929 572 stramento
952 471 1051 535 robo-'

104 563 247 722 mnlilajor
261 638 397 702 redditur
410 639 514 724 imago
527 639 600 703 solis
613 659 682 721 qnae
697 659 753 722 per
766 639 881 702 nubem
894 639 1023 702 videtur.

145 720 255 786 Sidera
268 723 414 805 ampliora
430 743 485 804 per
498 724 612 788 nubem
627 724 790 806 aspicienti
804 724 954 788 videntur.

144 805 257 870 Nullus
284 807 437 890 pernicior
457 806 552 870 hostis
572 817 629 884 est,
657 809 747 890 qutun
775 828 867 892 quem
895 807 1044 870 audacem

101 889 252 972 angustiae
267 889 393 954 faciunt.

135 967 282 1058 'AEgyptii
296 985 427 1056 quatuor
440 973 594 1038 elementa
608 973 730 1054 secere3

143 1057 266 1134 Aerem,
281 1078 402 1140 aquarn,
416 1058 530 1141 ignem,
546 1071 667 1122 terram.

142 1141 243 1204 Omne
255 1162 376 1223 eorpus,
390 1162 452 1224 quo
467 1141 593 1205 solidius
614 1153 671 1220 est,
692 1141 751 1206 hec
773 1141 888 1206 diutius
908 1141 1044 1206 calorem

100 1225 451 1310 etconcipit'etservat.
809 1243 812 1248 ·

142 1392 277 1458 Dimidia
301 1415 370 1478 pars
393 1395 499 1459 mundi
523 1317 644 1480 seiiper
666 1416 759 1480 supra
779 1395 977 1472 horizontem,
997 1393 1044 1458 di·

97 1477 193 1541 midia
208 1479 285 1542 insta
298 1489 355 1542 est.

141 1560 251 1626 Onmis
264 1568 326 1640 adr,
340 1585 403 1646 quo
424 1564 547 1648 propior
566 1565 662 1642 terris,
676 1564 736 1628 hoc
751 1563 880 1630 crassior
893 1573 960 1628 est:
981 1583 1043 1645 quo

99 1646 220 1722 editior,
234 1646 294 1710 hoo
309 1648 422 1729 purior.
974 1728 976 1730 Ι

141 1730 230 1794 Nihil
244 1742 293 1794 est
306 1742 368 1794 tum
382 1731 527 1814 exiguum
540 1731 624 1814 quod
637 1753 700 1795 non
721 1731 754 1796 in
775 1731 944 1815 perniciem
969 1729 1042 1795 satis

99 1813 293 1964 vaiiiiitmm
308 1897 483 1962 faciendum
496 1908 553 1976 est,
570 1909 734 1983 utmmque
756 1898 839 1965 enirn
863 1900 1041 1979 astaldum,
1073 1963 1076 1976 ,

98 1982 240 2048 omnibus
254 1981 390 2059 credere,
404 1993 437 2047 et
450 1983 536 2047 nulli.

97 2151 120 2216 d
139 2065 305 2217 iggffiem
329 2065 443 2130 excelsi
465 2067 581 2151 ingenii
605 2067 701 2132 virum
720 2068 848 2133 humilia
867 2079 900 2135 et
920 2067 1043 2134 sordida

120 2173 213 2302 θΝοιι
227 2196 346 2299 faciunt
358 2233 517 2300 meliorem
530 2255 643 2319 equum
658 2237 741 2302 aurei
755 2237 852 2302 fraeni.

140 2405 295 2470 Animalia
308 2405 460 2486 quaedam,
484 2425 523 2468 ne
546 2325 673 2470 iriienin
697 2405 823 2490 possint,
837 2407 967 2490 uestigia
986 2425 1042 2470 sua

1 2557 2 2574 ,
97 2489 181 2554 eirea
195 2487 298 2552 cubile
313 2509 401 2551 suum
416 2488 616 2553 confundunt.

139 2573 295 2642 Quaedam
324 2573 502 2649 rectissima,
529 2574 600 2636 clun
621 2574 653 2636 in
675 2593 786 2657 aquam
807 2584 879 2639 sunt
900 2574 1041 2654 demissa,

96 2657 234 2742 speeiem
247 2656 332 2718 curvi
346 2656 513 2719 visentibus
526 2656 668 2720 reddunt.

139 2741 271 2888 Sapiens
295 2739 371 2804 nihil
393 2741 513 2825 judicet
535 2761 623 2804 suum
645 2741 753 2826 magis,
774 2743 865 2824 qndm
886 2742 975 2828 cujas
995 2741 1041 2806 illi

98 2846 170 2890 cum
206 2844 319 2887 umano
333 2845 448 2908 genere
462 2826 649 2889 consortium
663 2837 720 2890 est.

1 2963 2 2992 ,
139 2910 248 2975 Tenue
262 2919 311 2972 est
323 2909 533 2989 mendacium
555 2909 695 2993 perlucet
708 2910 733 2974 si
747 2909 912 2994 diligenter
920 2911 1042 2994 inspex-

96 3015 168 3060 ens.
1162 3057 1166 3062 .

1 3109 2 3160 ς
140 3080 187 3156 ld,
201 3077 284 3161 quod
298 3087 513 3160 paupertatem
525 3077 615 3142 nobis
638 3097 763 3164 gravam
775 3077 861 3158 facit,
873 3091 908 3145 et
920 3079 1043 3146 divitias

1 3171 2 3222 ὲ
97 3183 206 3248 graves
220 3162 322 3228 faciet.

140 3328 231 3392 Diem
252 3351 313 3393 nox
330 3330 451 3412 premit,
465 3330 532 3395 dies
545 3342 691 3411 noetem3
711 3342 803 3396 restas
815 3351 848 3396 ιιι
861 3344 1042 3398 autumnum

98 3411 221 3488 desiuit,
234 3424 383 3508 autunmo
396 3414 502 3498 hyems
514 3416 618 3493 instat,
633 3435 702 3498 que
724 3427 758 3482 et
773 3435 845 3482 rere
869 3417 1042 3502 compesci-

99 3508 167 3561 tur:
188 3515 292 3559 omnia
304 3507 463 3564 transeunt
476 3510 511 3564 ut
524 3509 721 3565 revertantur.
