2386 3822
589 193 641 268 3³0

164 373 283 439 &aa
295 375 400 458 itaque
414 375 570 460 modoetia:
582 387 632 441 est
644 387 798 440 renaorm.

180 545 335 628 ¹Rebecca
356 565 494 628 audierat
513 483 654 628 Isaacoeiirir
675 561 873 646 loquentem:
892 561 1014 626 vocarit
1036 561 1095 626 Ja-

141 648 266 727 oobum,
291 659 324 712 et
348 650 465 726 afferto,
489 647 597 730 inquit,
615 648 689 712 mihi
710 648 789 710 duos
810 646 916 710 haedos
942 647 1094 730 opimos:

141 733 308 796 oonfioiam
315 734 522 830 pulmentum,
536 753 598 815 quo
612 741 699 816 poter
713 743 782 829 tuus
796 731 885 827 ualde
899 731 1093 811 delectatam:

141 835 183 900 ap
204 839 323 964 aiiiii
339 818 499 983 iiiffii
507 817 597 986 Ρὲἓῖ
608 814 959 974 iiiiiiiiiiiiiacere,
971 909 1091 962 mater:

141 984 238 1048 usam
264 996 313 1048 est
340 984 479 1067 pilosus:
506 1005 568 1068 ego
595 1005 662 1048 sum
690 984 785 1048 lenis:
813 983 839 1045 si
860 993 948 1066 pater
967 1003 1017 1046 me
1038 993 1090 1046 at-

140 1069 328 1145 trectaverit,
353 1070 549 1133 succensebit
571 1069 666 1148 mihi;
686 1070 731 1131 ita
751 1067 924 1150 indignatio
944 1067 1040 1150 patris
1054 1077 1089 1130 et

139 1154 288 1217 daurnum
301 1153 375 1217 mihi
389 1154 532 1218 evenient
546 1171 603 1237 pto
615 1153 682 1238 ejus
697 1151 923 1216 benevolentia

144 1336 333 1419 “ueneat
346 1354 473 1418 insuat:
494 1376 534 1418 ne
551 1354 668 1431 timeas,
682 1353 790 1436 inquit,
805 1353 847 1417 nu
862 1352 915 1416 mi.
960 1351 1086 1434 Siquid

140 1441 257 1504 adversi
272 1441 343 1504 inde
358 1450 511 1522 sequatur,
526 1439 558 1503 id
572 1449 671 1503 totum
691 1459 778 1505 sumo
796 1435 890 1502 mihi:
911 1447 944 1500 tu
958 1437 1029 1502 vero
1044 1457 1084 1500 ne

138 1525 263 1590 dubites
277 1524 379 1588 facere
395 1522 477 1607 quod
494 1525 589 1587 'ussus
603 1544 646 1586 es.

182 1609 291 1690 Itaque
310 1606 447 1672 lacobus
472 1547 547 1672 aiii:
568 1617 601 1671 et
625 1607 727 1671 attulit
747 1605 836 1670 matri
857 1603 935 1668 duos
956 1605 1086 1686 haedos:

140 1692 194 1757 illa
221 1694 339 1774 paravit
368 1691 435 1755 seui
457 1691 561 1756 cibtun
593 1712 685 1773 quem
713 1700 840 1755 noverat
869 1711 995 1754 suavem
1015 1713 1084 1754 esse

139 1777 246 1860 palato
259 1777 335 1860 ejus.

183 1861 304 1926 Deinde
339 1860 439 1924 induit
469 1859 622 1924 Iacobum
649 1859 784 1926 vestibus
811 1859 934 1924 fratris:
968 1860 1085 1944 aptavit

140 1945 255 2030 pellem
268 1944 348 2007 haedi
362 1945 504 2008 manibus
517 1945 583 2028 ejus
597 1955 629 2009 et
640 1943 732 2009 eollo.

181 2029 273 2106 Tum,
289 2029 349 2105 adi,
365 2028 472 2111 inquit,
493 2039 612 2113 patrem
634 2042 729 2108 tuum,
753 2040 786 2093 et
809 2027 886 2094 offer
906 2029 951 2094 illi
978 2049 1085 2094 eseam

138 2136 232 2198 quam
247 2115 374 2198 appetit.

586 2205 637 2262 31.

181 2302 317 2366 Jacobus
331 2301 434 2366 attulit
448 2301 527 2384 patri
542 2323 597 2365 suo
611 2323 715 2366 escam
729 2313 867 2385 paratam
881 2312 1020 2366 amatre.

181 2387 240 2450 Cui
254 2387 379 2450 Isaaous
392 2387 487 2450 dixit:
508 2387 648 2472 quisnam
666 2408 699 2450 es
722 2387 778 2450 tu?
800 2387 936 2450 Jaoobus
957 2407 1085 2468 respon-

138 2472 203 2535 dit:
224 2491 285 2554 ego
306 2492 373 2534 sum
391 2471 486 2534 Esaiis
501 2471 720 2554 primogenitus
735 2483 804 2535 tuus
819 2495 828 2551 ;
850 2471 910 2535 feei
924 2471 1008 2553 quod
1019 2471 1084 2556 jus-

139 2555 214 2631 sisti,
229 2566 334 2638 pater3
354 2575 444 2638 surge
459 2566 492 2619 et
505 2555 633 2620 comede
648 2556 687 2618 de
702 2556 862 2620 venatione
877 2557 955 2620 med.

181 2639 361 2717 Quomodo,
386 2640 429 2704 ait
449 2641 583 2716 isaacus,
608 2639 734 2722 potuisti
755 2640 890 2704 invenire
912 2653 975 2704 tam
996 2639 1083 2704 cito?

138 2723 257 2799 Inveni,
272 2733 379 2805 puter:
399 2724 484 2788 Deus
499 2724 541 2787 ita
555 2723 660 2787 voluit.

183 2807 308 2872 Isaaeus
321 2830 457 2872 rursum:
479 2820 566 2872 tur-ne
580 2829 614 2870 es
629 2808 724 2872 Esai'rs
738 2807 959 2892 primogenitus
971 2807 1084 2872 meus?
1177 2805 1178 2836 ³

138 2891 256 2956 aceede
272 2893 394 2974 propius
408 2905 443 2956 ut
457 2903 618 2957 attrectem
632 2903 673 2955 te.

182 2975 240 3040 Ille
253 2977 388 3040 accessit
403 2978 443 3040 ad
464 2987 592 3058 patrem,
614 2977 667 3058 qui
687 2976 783 3041 dixit:
803 2996 863 3041 vox
890 2977 1015 3059 quidem
1036 2987 1086 3040 est

139 3059 261 3138 Jacobi,
276 3060 331 3126 sed
345 3081 454 3124 manus
468 3070 541 3126 sunt
553 3061 637 3126 Esai.

182 3247 308 3311 Isaacus
323 3247 513 3329 amplexatus
536 3247 689 3312 Jaoobum
708 3249 885 3331 anteposuit
904 3269 975 3314 euru
990 3247 1083 3327 fratri,

139 3340 174 3392 et
188 3330 294 3394 tribuit
306 3332 351 3395 illi
365 3331 469 3394 omnia
483 3331 566 3395 bona
580 3332 786 3428 primogeniti.

185 3412 258 3476 Non
281 3415 378 3479 multd
402 3415 471 3496 prist
499 3416 598 3479 Esaias
619 3416 711 3478 redirt
730 3438 751 3478 a
770 3419 943 3496 tennione,
964 3428 997 3482 et
1017 3417 1084 3499 ipse

140 3495 256 3582 obtulit
268 3497 346 3579 patri
360 3499 551 3581 pulmentum
565 3500 649 3582 quod
662 3513 831 3582 paraverat.
