2386 3822
131 385 215 468 ipsas
228 387 373 453 tenebras
395 391 493 456 timet.
537 389 698 475 Proprium
717 401 766 457 est
788 391 967 458 nocendum
989 393 1082 478 trepi-

131 471 216 534 dare.
259 472 348 536 Bona
369 475 561 540 conscientie
575 475 698 539 turbam
712 476 864 558 advocat3
884 477 967 544 mala
988 476 1082 544 etiam

132 551 164 618 in
178 555 344 621 solitudine
359 559 450 622 anna
463 570 496 622 et
509 559 631 623 solicita
645 569 702 630 est.

174 639 208 703 Si
233 641 365 706 honesta
388 654 460 707 sunt
473 665 544 727 quta
558 643 645 721 facis,
660 663 768 708 onmes
789 644 910 725 sciant;
931 645 1081 730 stampis,

130 723 206 806 quid
219 725 314 790 refert
326 727 482 792 neminem
495 727 585 805 seire,
600 729 624 792 si
640 739 674 792 tu
698 729 804 794 scius?
824 729 875 796 ΟΞ
891 741 922 794 te
938 731 1082 796 miserum

128 807 157 870 si
172 811 344 874 contemnis
359 810 442 876 hune
457 823 578 876 testem.

174 893 209 957 Si
224 915 345 978 semper
365 897 540 960 memineris
563 897 666 962 Deum
689 895 897 980 inspectorem
910 898 1029 976 adesse,
1049 899 1083 963 in

131 979 254 1041 cunctis
269 979 369 1044 verbis
383 992 416 1044 et
440 980 615 1046 actionibus
637 981 707 1060 tuis,
721 981 876 1048 vereberis
900 981 1082 1066 inspectoris

131 1063 329 1145 praesentiam
342 1085 434 1148 quem
447 1063 524 1129 nihil
538 1065 625 1128 latet.

153 1257 290 1404 lOptimi
306 1258 456 1344 cujusque
471 1257 589 1322 animus
614 1259 744 1324 maxime
760 1260 800 1324 nd
821 1259 1081 1326 immortalitatem

165 1343 230 1405 ond
243 1343 359 1406 nititur.

129 1363 282 1492 gGloria
301 1439 349 1492 est
375 1429 573 1494 consentiens
602 1428 669 1493 laus
698 1427 870 1510 bonorum3
904 1431 1082 1515 incorrupta

129 1533 189 1575 vox
204 1513 285 1574 bene
297 1511 504 1597 judicantium
518 1513 557 1576 de
572 1512 739 1577 excellenti
753 1512 876 1577 virtute.

172 1597 220 1660 Ex
232 1596 375 1660 omnibus
390 1597 523 1680 praemiis
536 1596 656 1660 virtvntis
677 1595 897 1680 amplissimum
910 1608 959 1662 est
971 1597 1080 1682 gloria,

128 1701 200 1764 quae
215 1681 286 1744 vitoe
312 1681 493 1745 brevitatem
514 1681 702 1765 posteritatis
724 1681 872 1746 memorii
893 1683 1080 1761 consolatur,

130 1786 202 1848 quae
217 1765 314 1830 efficit
328 1777 363 1829 ut
375 1767 514 1830 morituri
528 1765 674 1830 vivamus.

172 1849 292 1933 Magna
313 1861 361 1914 est
379 1851 445 1935 ejus
465 1851 566 1934 gloria
586 1869 656 1932 quae
678 1850 772 1916 nullls
793 1850 937 1918 laudibus
956 1852 1080 1931 crescit,

128 1943 162 1998 et
174 1933 267 1998 nullis
280 1935 556 2018 vituperationibus
569 1936 725 2000 minuitur.

172 2019 380 2084 Sunnnalaus
394 2030 518 2084 estnon
531 2021 649 2084 ambire
671 2020 804 2097 laudem,
819 2039 889 2102 quae
912 2018 1011 2103 magis
1031 2039 1080 2085 oe-

127 2103 233 2188 qnitur
247 2103 427 2188 fugientem.

170 2229 219 2292 Ea
242 2227 447 2312 famaquam
470 2228 636 2310 sequimur,
660 2247 772 2294 vanum
795 2239 829 2292 et
852 2225 977 2292 volatile
991 2227 1080 2312 quid·

128 2313 203 2378 darn
216 2324 273 2390 est,
287 2314 421 2396 aurisque
435 2313 591 2377 mobilius.
1110 2325 1112 2332 ‘

170 2398 316 2462 Cavenda
329 2411 377 2462 est
390 2397 480 2460 nimis
495 2399 585 2462 avida
598 2397 706 2482 gloriae
721 2395 885 2488 cupiditas.

171 2483 279 2546 Gloria
299 2483 492 2566 praecipuum
523 2493 737 2546 ornamentum
760 2483 880 2548 virtutis
908 2492 977 2563 ert3
1006 2503 1077 2566 quae
1184 2471 1185 2476 ἵ

126 2589 191 2632 non
205 2567 293 2631 aliter
306 2567 425 2651 gaudet
446 2567 584 2650 agnosci,
600 2569 690 2651 quam
705 2578 739 2630 ut
751 2569 797 2632 sol
812 2577 895 2630 amat
915 2566 1030 2646 lucere,
1044 2578 1078 2633 ut

127 2665 161 2718 et
175 2653 271 2738 prosit
284 2650 526 2735 quamplurimo,
541 2662 574 2716 et
587 2651 830 2736 quamplurimos
851 2651 891 2716 ad
913 2651 960 2716 sui
981 2673 1078 2717 mmu-

128 2737 276 2802 lationem
291 2737 439 2821 pelliciat.

169 2823 345 2888 Alexander
367 2841 500 2904 magnus
524 2821 596 2886 cinn
617 2821 856 2905 interrogaretur
870 2841 911 2886 an
923 2820 1078 2904 Olympiis

126 2918 245 2972 certare
259 2905 415 2973 curriculo
429 2905 547 2971 vellet?
570 2904 690 2971 Seueri
711 2903 860 2970 babituros
882 2927 953 2984 mm,
973 2903 1077 2990 inquit,

125 2991 305 3056 mensarios
319 3013 411 3078 reges.

531 3093 677 3151 HONOR.

167 3185 277 3252 Honor
290 3205 380 3250 verns
393 3195 442 3250 est
454 3185 549 3250 virtus
571 3185 664 3251 anirni
675 3209 685 3267 3
705 3184 758 3251 hic
779 3185 878 3252 honor
898 3204 962 3250 non
976 3205 996 3248 a
1008 3183 1077 3253 Cae·

125 3271 244 3338 caribus
259 3281 431 3356 praestatur‚
446 3290 549 3354 neque
563 3271 698 3356 pecuniis
712 3281 919 3356 comparatur.

167 3357 272 3422 Virtus
294 3355 378 3440 puris
400 3355 509 3420 fruitur
529 3353 719 3420 honoribus:
753 3355 892 3439 proprios
913 3353 946 3420 in
966 3363 1079 3419 semet-

125 3441 192 3525 ipsa
206 3441 343 3526 fulgores
356 3439 461 3520 habet,
476 3441 597 3525 quosei
621 3439 670 3506 vel
695 3438 814 3506 auferre
840 3437 889 3506 vei
911 3440 1078 3506 obscurare

124 3527 201 3593 nibil
217 3539 330 3611 potest.
420 3614 436 3650 ἦ
