2380 3832
567 190 634 260 107

166 368 300 434 Facilius
314 379 362 432 est
379 377 593 452 paupertatem
615 368 740 434 laudare
765 371 856 452 quim
878 369 957 436 ferre
968 392 978 452 ς
997 389 1071 436 oen·

124 475 176 516 sus
190 454 221 516 in
236 453 343 518 castris
358 453 497 516 ordinem
511 465 679 535 promovet.

166 538 202 601 In
216 559 342 602 carcere
368 538 513 600 Socrates
533 537 710 620 disputavit,
724 548 757 602 et
778 537 861 602 exire
885 537 984 602 noluit
995 561 1005 618 ;
1026 559 1074 602 re-

122 623 306 704 mansitque,
320 632 355 684 ut
368 623 496 684 duarum
512 641 612 685 rerum
633 621 878 706 gravissimmum
898 621 1074 688 hominibus

122 718 240 770 metum
253 707 399 782 demeret,
414 705 519 768 mortis
535 716 567 768 et
581 705 725 770 carceris.
760 739 769 760 κ

403 843 467 898 DEI
497 843 805 899 BENEVOLENTIA.

165 913 251 977 Deus
275 913 408 976 humano
429 915 536 998 generi
559 916 714 998 praecipue
732 915 902 978 ministrat:
922 915 954 979 in
977 915 1074 999 primi

123 1001 226 1060 verium
240 997 459 1061 constitutione
483 998 620 1061 rationem
644 999 759 1062 homini
784 999 889 1064 dedit:
912 1001 972 1064 haic
986 1012 1073 1065 ante·

123 1083 262 1145 ccdimus
278 1081 431 1159 animalia,
446 1081 546 1145 Deum
561 1084 725 1164 sequimur.

165 1167 254 1236 Quid
276 1178 380 1228 autem
402 1166 505 1230 ratio?
528 1167 613 1230 Nihil
629 1168 713 1230 aliud
735 1169 827 1250 quim
840 1167 935 1232 divini
950 1168 1073 1253 spiritris

124 1272 193 1334 pars
209 1252 239 1313 in
254 1272 366 1332 corpus
380 1251 545 1314 humanum
560 1273 668 1314 mersa.

165 1336 237 1417 ipsa
252 1334 356 1398 sonnae
376 1345 487 1398 nostroe
503 1335 699 1418 pulchritudo
723 1335 824 1400 Duum
843 1337 956 1401 fatetur
979 1339 1072 1402 artifi-

123 1440 212 1500 cem3
233 1420 334 1482 vultus
348 1430 479 1497 erectus,
494 1420 577 1482 oculi
593 1421 624 1482 in
640 1441 767 1498 summo,
775 1421 869 1484 veluti
884 1421 916 1484 in
933 1422 1071 1504 speculo,

123 1504 293 1601 constituti,
308 1515 340 1566 et
353 1525 460 1568 omnes
474 1505 580 1568 oaeteri
605 1526 711 1569 sensus
733 1503 817 1568 velut
839 1505 871 1569 in
892 1526 964 1569 arce
987 1526 1072 1570 corn-

123 1601 225 1672 positi.

165 1673 251 1738 Nihil
267 1673 298 1736 iu
313 1673 436 1738 homine
459 1673 666 1739 membrorum
679 1684 727 1737 est
747 1673 830 1758 quod
853 1695 916 1741 non
937 1675 1072 1740 necessi·

124 1758 237 1821 tudinis
252 1779 347 1822 causa
361 1759 400 1820 sit
414 1769 446 1820 et
460 1759 592 1822 decoris.

164 1843 227 1906 Ver
242 1845 329 1925 aequh
342 1865 417 1924 cum
433 1843 494 1905 suis
509 1843 644 1921 floribus,
659 1854 692 1908 et
705 1855 795 1909 restas
810 1865 882 1908 cum
907 1845 968 1908 suis
990 1865 1070 1909 mes·

122 1929 216 2005 sibus,
231 1939 263 1992 et
278 1928 414 1991 autumni
432 1929 591 1992 maturitas
615 1940 713 2014 grata,
729 1927 888 2004 arrct'orem
907 1951 995 1994 suum
1015 1951 1070 2015 pa-

122 2024 301 2094 rentemque
316 2023 477 2077 testantur.

393 2151 531 2208 RERUM
558 2151 795 2208 DISSOLU'PIO.

164 2239 245 2303 Haec
267 2239 373 2303 mundi
396 2239 514 2317 domus,
543 2240 659 2304 coelum
689 2259 811 2324 quoque
834 2257 906 2302 oum
927 2237 1069 2302 omnibus

121 2349 190 2410 quoe
207 2325 288 2388 coelo
302 2325 501 2388 eontinentur
515 2326 568 2402 ita,
583 2337 617 2389 ut
631 2335 803 2406 coeperunr,
817 2323 968 2387 desinent.
1183 2373 1184 2412 3

162 2413 282 2492 Corpus
304 2433 404 2488 omno,
420 2410 482 2472 sivo
508 2411 620 2473 arescit
641 2409 673 2473 in
694 2409 860 2492 pulverem,
875 2408 937 2470 sive
963 2408 994 2470 in
1013 2408 1069 2470 hu·

119 2517 236 2560 morem
258 2495 394 2572 soluitur,
421 2495 470 2558 vel
494 2496 525 2558 in
547 2495 684 2558 cinerem
712 2493 931 2576 comprimitur,
956 2491 1070 2556 subdu·

120 2581 201 2643 citur
215 2580 314 2657 nobis,
329 2601 348 2643 a
361 2579 431 2644 Deo
445 2581 667 2644 elementorum
681 2579 811 2642 custode
826 2587 1004 2640 reservatur.

163 2665 218 2729 Sol
239 2665 392 2749 demergit
413 2676 445 2728 et
467 2665 624 2729 nascitur:
655 2664 746 2728 llores
767 2663 916 2730 occidunt
935 2672 969 2726 et
993 2661 1070 2726 revi-

118 2749 261 2829 viscunt3
283 2749 509 2832 expectandum
524 2749 613 2814 nobis
628 2747 721 2812 etiam
736 2747 873 2830 corporis
887 2767 941 2810 ver
953 2758 1012 2811 est.

161 2917 351 3002 Pythagoras
376 2917 541 2984 familiares
565 2939 636 2982 suos
658 2917 847 2995 hortabatur,
862 2928 896 2980 ut
920 2915 1069 3000 optimum

117 3002 239 3065 vivendi
254 3023 353 3085 genus
375 3003 433 3069 sibi
455 3004 648 3088 deligerent3
670 3003 807 3085 qualmvis
828 3003 911 3066 enim
938 2999 1070 3062 laborio-

116 3087 292 3164 sum'esset‚
307 3089 536 3153 cousuetudine·
546 3099 652 3152 tamen
664 3087 836 3174 jucundum
851 3086 927 3149 sore.
1181 3133 1182 3166 3

159 3169 350 3234 Anacharsis
364 3171 450 3256 leges
464 3193 645 3236 aranearum
665 3167 735 3236 telis
756 3169 977 3254 comparabat;
998 3185 1071 3232 nam
1181 3179 1182 3184 ’

114 3266 151 3318 ut
175 3254 245 3318 illas
270 3255 468 3319 infirmiores
492 3255 596 3319 imalia
617 3258 760 3334 retinere,
785 3253 953 3319 valentiora
974 3261 1072 3315 trans·

113 3340 238 3404 mittere
251 3363 260 3418 3
281 3340 325 3402 ita
339 3339 386 3404 his
400 3277 531 3404 humiles
545 3352 577 3404 ot
590 3362 743 3424 pauperes
768 3337 947 3422 constringi,
961 3336 1072 3400 divites

105 3423 307 3506 ‘ot'potentes
321 3446 387 3490 non
400 3425 531 3510 alligari.

158 3507 287 3585 Thales,
302 3508 507 3596 interrogatus
522 3511 597 3594 quid
621 3522 704 3577 osset
718 3509 749 3576 iu
771 3509 836 3576 tort
849 3529 951 3574 rorum
965 3505 1070 3572 natur-²
