2386 3822
214 185 230 222 ⁸
563 199 610 270 37

157 379 216 443 Cui
233 378 349 461 ‘fratres
381 379 611 462 responderunt,
639 379 813 461 *quorsum
835 388 978 462 spectant
998 380 1058 444 ista

112 460 363 611 ffiggpn
385 475 420 527 tn
439 464 502 528 erin
519 481 573 528 rer
593 462 721 527 noster?
753 463 840 527 Nu
859 464 1057 550 sibjieietnur

157 631 278 704 ffiatres
304 597 400 716 igitur
419 632 597 697 invidebant
617 631 668 702 eit
695 641 728 696 at
748 641 837 715 pater
856 649 922 696 rern
942 632 1056 698 tuentur

35 734 39 740 ·
113 717 343 781 considerabat.

561 823 610 884 40.

157 917 302 990 Quadam
316 920 366 984 die
381 942 476 1004 quum
490 921 597 986 fratres
618 921 744 1005 Josephi
766 933 929 1006 pascerent
946 943 1057 1008 greges

136 1003 233 1082 renui,
248 1003 313 1087 ipse
328 1015 515 1070 remanserat
528 1005 622 1069 domi.
666 1006 802 1071 Jacobus
827 1002 910 1072 misit
925 1027 996 1071 eurn
1017 1005 1058 1070 ad

113 1025 231 1166 iiatres,
244 1100 280 1151 ut
294 1089 387 1153 sciret
400 1090 553 1236 puomodb
567 1111 600 1154 se
615 1089 775 1154 haberent.

156 1170 232 1250 oui,
246 1173 385 1237 videntes
419 1174 568 1257 osephum
582 1174 766 1251 venientem,
781 1173 944 1239 eonsilium
964 1195 1058 1258 cepe·

113 1267 185 1320 runt
198 1255 279 1320 illius
294 1257 469 1322 occidendi.

157 1340 252 1418 Ecce,
280 1341 469 1422 inquiebant,
491 1342 657 1410 somniator
684 1343 788 1408 venit:
822 1343 1001 1408 occidamus
1021 1341 1058 1410 il-

114 1423 180 1488 lum
200 1435 234 1488 et
254 1425 450 1506 proiciamus
470 1426 503 1490 iu
523 1437 672 1510 puteum:
698 1428 837 1492 dicemus
859 1429 959 1511 patri:
993 1427 1059 1492 sera

113 1507 271 1604 devoravit
301 1447 480 1606 iosephum.
514 1509 628 1576 ‘Tunc
650 1511 813 1596 apparebit
838 1512 913 1592 quid
936 1531 993 1576 sua
1012 1511 1058 1576 illi

114 1602 372 1676 prosrntsonrnra.
760 1602 764 1608 ’

459 1737 462 1744 ,
565 1704 616 1762 41.

90 1863 94 1874 ,
154 1800 279 1877 Rubor,
293 1799 347 1882 qui
367 1809 434 1864 eret
447 1809 521 1863 natu
541 1801 701 1879 marinus,
714 1799 891 1864 deterrebat
911 1797 1018 1866 fratres
1038 1819 1059 1888 a

115 1895 202 1948 tauto
216 1883 344 1948 scelere.

156 1969 273 2044 Nolite,
308 1967 477 2048 inquiebat,
511 1968 683 2033 interficere
713 1991 867 2054 puerum:
901 1980 949 2033 est
974 1968 1059 2034 enim

115 2052 208 2116 frater
221 2062 344 2114 noster:
365 2051 508 2114 dimittite
523 2073 595 2117 eum
608 2053 709 2135 potiris
722 2053 755 2117 in
768 2053 849 2118 hanc
865 2054 994 2117 foveam.

156 2137 305 2200 Habebat
338 2135 370 2198 in
400 2135 505 2198 animo
532 2136 661 2200 liberare
685 2136 854 2220 Josepbum
884 2159 925 2202 ex
951 2158 1058 2202 eorum

113 2221 266 2366 mpiuibus,
280 2229 312 2284 et
325 2219 412 2285 illum
433 2219 592 2289 extrahere
613 2241 631 2284 e
654 2221 751 2300 fovea,
767 2232 860 2305 atque
878 2223 919 2284 ed
939 2233 1058 2305 patrem

114 2326 146 2368 re
171 2325 275 2367 ueere.

155 2387 271 2472 Reipsb
284 2387 330 2452 his
343 2387 444 2453 verbis
457 2386 584 2451 deducti
598 2387 720 2454 suntad
733 2387 837 2454 mitius
851 2388 1024 2454 consilium.

560 2519 601 2580 42

155 2613 217 2683 Ubi
239 2615 391 2700 Josephus
415 2617 614 2700 pervenitad
637 2616 744 2706 fratres
764 2635 846 2694 suos,
859 2616 1058 2686 detraxerunt

114 2701 143 2767 ei
157 2713 273 2787 togam,
287 2703 349 2786 qut
371 2701 495 2765 indutus
509 2711 586 2784 erat,
599 2712 631 2767 et
651 2703 845 2767 detruserunt
866 2722 938 2766 euin
957 2703 991 2768 in
1011 2703 1056 2768 fo·

113 2802 276 2936 veiiiinde
297 2890 393 2954 quum
416 2869 629 2934 consedissent
657 2870 698 2934 ad
727 2869 909 2935 armandum
938 2870 1055 2948 cibum,

114 2966 340 3051 conspexerunt
356 2963 545 3050 nieroateres
557 2955 610 3036 qui
624 2953 773 3037 petebant
793 2951 963 3040 AEgyptum
984 2973 1057 3020 cum

112 3039 722 3220 “mmmm
741 3123 874 3228 vabre
895 3120 957 3187 irus
976 3139 1056 3188 me-

114 3209 382 3363 catbiiiibiiiirerunt
403 3291 572 3375 Josepburn
600 3290 708 3377 viginti
729 3290 861 3372 ntrrnmis
891 3288 1055 3378 argenteis,

113 3397 247 3460 eamque
260 3377 414 3442 durarunt
426 3377 460 3442 in
473 3375 651 3462 AEgyptum.

346 3537 359 3562 ⁴·
374 3533 495 3593 Quorum
505 3532 715 3598 spectant—what
725 3533 815 3583 mean?

371 3602 391 3659 4
