2386 3822
571 165 621 238 32

172 349 282 420 Quum
302 347 355 412 ille
376 345 513 424 bibimst,
534 345 686 412 Rebecca
705 343 820 412 ebulit
838 346 933 412 atimn
959 365 1077 432 equam

127 433 265 502 camelis.
319 431 390 500 Hoc
417 431 533 502 indicio
560 431 707 516 cognovit
738 430 858 498 Elieaer
881 431 965 518 quod
993 433 1076 498 scira

127 517 287 608 cupiebat.

574 623 627 682 22.

171 721 291 786 Eliezer
325 721 452 804 protulit
478 720 601 784 inaures
628 739 735 785 aureas
761 729 795 782 at
821 719 965 796 armillas,
996 739 1076 801 quas

127 807 215 870 dedit
235 806 419 869 Rebeccae:
450 817 514 868 tum
539 804 652 868 interro
676 803 738 868 avit
765 801 849 870 illam
877 804 965 887 cujus
992 816 1076 870 esset

129 889 202 966 lilia,
216 911 290 954 num
304 890 335 952 in
349 889 442 957 domo
457 889 550 972 patris
564 825 746 956 essetioeus
756 886 796 950 ad
810 888 1074 954 commorandum.

171 973 229 1037 Cui
263 973 411 1036 Rebecca
431 972 613 1054 respondit:
641 989 702 1068 ego
723 989 790 1034 sum
811 971 875 1034 filia
895 969 1075 1037 Bathnelisr

129 1077 203 1121 arus
224 1076 311 1119 meus
332 1066 379 1118 est
399 1055 493 1119 frater
513 1056 679 1119 Abraharm
696 1077 704 1133 3
738 1064 786 1119 est
813 1054 896 1118 dorni
918 1055 1006 1118 locas
1033 1057 1075 1120 ad

129 1141 380 1207 commorandum
404 1139 625 1222 amplissimus3
645 1149 693 1202 est
713 1139 807 1202 etiam
821 1137 985 1222 plurimum
999 1140 1076 1203 leni

129 1236 163 1292 et
177 1224 333 1304 palearum
347 1224 387 1286 ad
401 1244 488 1286 usum
503 1223 701 1287 camelorum.

172 1307 269 1376 Quod
283 1308 410 1371 audiens
425 1307 544 1376 Elieaer
556 1309 623 1396 egit
635 1307 749 1392 gratias
762 1307 841 1384 Deo,
855 1306 908 1395 qui
919 1307 1076 1378 tribuisset

130 1393 189 1464 lter
202 1411 379 1484 prosperum
392 1391 464 1461 sibi.
1177 1399 1178 1410 ¹

171 1593 323 1660 Rebecca
343 1593 517 1680 properavit
541 1595 665 1666 domum
686 1606 719 1660 et
738 1594 872 1666 narravit
891 1594 979 1664 matri
1008 1617 1075 1659 suar

129 1699 169 1748 ea
182 1699 252 1764 quae
268 1679 325 1742 sibi
340 1679 544 1762 contigerant.

172 1763 317 1832 Labanus
340 1763 432 1826 frater
445 1763 614 1840 moesos,
635 1783 729 1845 quum
753 1763 917 1828 audivisset
939 1785 1076 1834 sororem

129 1856 313 1923 nauantem,
324 1846 418 1914 adivit
431 1846 596 1924 hominem,
610 1849 661 1930 qui
683 1848 786 1912 stabat
799 1848 839 1918 ad
864 1847 980 1913 fontem
999 1870 1076 1919 cum
1177 1863 1178 1886 l

129 1929 267 2006 camelis,
282 1941 314 1993 et
324 1950 395 1994 com
436 1929 515 1994 llans
528 1951 620 1994 cum:
642 1931 813 2016 ingredere,
828 1932 935 2012 inquit,
948 1932 1075 1997 domine

129 2016 193 2087 mir
220 2025 360 2162 puritas
399 2015 485 2079 oris?
513 2013 619 2080 Paravi
641 2015 808 2100 hospitium
828 2016 884 2079 tibi
909 2025 941 2079 et
969 2015 1075 2087 locum

129 2119 394 2256 caffilitsodedtutit
407 2205 479 2252 euru
492 2184 627 2264 domum,
641 2184 734 2274 eique
749 2183 853 2252 cibum
867 2183 1019 2273 apposuit.

172 2407 326 2477 colonus
362 2406 482 2472 urreis
516 2311 658 2491 orgiis
694 2409 872 2490 merosus
912 2409 1074 2472 neom

129 2511 255 2564 causam
269 2491 385 2562 itineris
399 2491 543 2575 suscepti,
564 2491 743 2578 rogavitque
763 2503 799 2559 ut
818 2503 990 2561 anmrerent
1001 2513 1076 2576 pos·
1177 2515 1178 2580 1

130 2575 272 2646 tulationi
286 2596 362 2640 suae.

173 2658 240 2727 uui
254 2660 493 2742 responderunt:
513 2660 558 2722 ita
570 2660 710 2723 voluntas
724 2660 784 2724 Dei
798 2659 856 2724 fert
868 2683 876 2739 3
890 2681 950 2724 noc
965 2681 1074 2744 possus

128 2763 197 2812 rnus
211 2742 279 2806 Deo
293 2743 452 2814 obsistere.
485 2745 533 2808 En
543 2744 711 2826 Rebecca3
732 2745 944 2828 proficiscatur
958 2758 1075 2824 tecum,

128 2838 262 2908 nuptura
275 2825 395 2891 isaaco.
735 2829 737 2831 ’
858 2869 861 2876 ,
993 2837 995 2844 ’

170 2911 253 2982 'l'urn
282 2909 404 2980 Ellezer
438 2911 627 2996 deprompsit
646 2932 719 2976 vasa
740 2933 834 2979 auree
853 2925 886 2976 et
913 2924 1073 2996 argentea,

129 3005 289 3077 vestesque
304 2995 460 3076 pretiosas,
471 3017 546 3077 quas
560 2997 646 3059 dedit
659 2995 816 3060 Rebeccae
829 3021 838 3077 ;
852 2997 964 3062 obtulit
977 2997 1075 3068 etiarn

128 3077 357 3166 muneramatri
372 3079 437 3172 ejus
451 3091 484 3154 et
498 3081 590 3158 fram,
604 3092 637 3150 et
650 3081 784 3153 inierunt
796 3081 979 3153 convivium.

572 3206 626 3272 25.

171 3300 320 3370 Postridie
334 3345 341 3358 r
357 3301 477 3368 Elleaor
513 3323 642 3388 surgens
668 3306 759 3376 moui
785 3304 863 3375 dixit
893 3305 1074 3388 parentibus

125 3383 538 3540 ffffiss‘ffiff
559 3405 610 3458 trra
636 3398 816 3477 exspectan
842 3389 987 3462 dimittite
1010 3410 1074 3476 me,
