2380 3832
556 171 606 242 98

101 360 189 414 erent
213 349 388 434 philosophi
412 371 476 434 prae
498 352 620 416 ceteris
641 351 839 415 homiuibus?
865 349 914 428 Ut,
940 353 1049 435 inquit,

100 435 126 496 si
139 458 232 498 omncs
246 435 322 522 leges
336 435 514 513 aboleantur,
529 435 705 520 tumenjustd
721 435 820 498 victuri
833 436 929 498 nnius.

507 583 648 637 ERROR.

141 683 289 746 Omnium
303 693 350 746 est
364 683 544 746 facillimum
559 683 694 766 seipsum
708 683 778 746 deci
821 706 865 746 re.

143 769 391 850 Sapientissimus
413 767 581 850 aliquando
608 789 628 830 a
651 769 773 850 proposi
836 780 934 832 errat:
953 791 1046 834 nemo

100 873 230 934 usquam
244 852 306 916 loci
328 864 391 914 tam
406 853 521 934 peritus
537 853 676 914 inventus
700 853 757 914 fuit
779 853 965 938 sagittarius,
980 865 1013 917 ut
1027 876 1047 916 a

99 959 197 1020 scopo
210 958 366 1019 nunquam
381 937 576 998 aberraverit.

141 1021 245 1084 Nemo
266 1030 347 1083 errat
367 1020 426 1082 sibi
448 1019 555 1098 solium,
584 1021 638 1084 sed
665 1021 853 1084 dementiam
875 1022 992 1106 spargit
1014 1023 1046 1085 in

101 1107 256 1190 proximos
270 1105 447 1188 accipitque
462 1105 604 1168 invicem.

143 1190 279 1272 Simplex
301 1190 378 1252 recti
403 1209 478 1252 cura
496 1201 552 1267 est,
567 1189 727 1272 multiplex
745 1191 863 1268 erroris
878 1202 910 1254 et
925 1213 1045 1274 semper

101 1293 195 1338 novas
209 1273 433 1337 declinationes
447 1274 552 1336 habet.

139 1359 268 1422 Veritati
283 1357 400 1441 aliquid
413 1369 583 1422 eudemum
596 1370 653 1436 est,
667 1379 751 1422 error
764 1371 812 1422 est
825 1360 1001 1424 immensus.

479 1515 668 1569 Auratum·

140 1627 283 1690 Solitudo
303 1637 351 1689 ost
371 1626 435 1689 vita
456 1625 521 1689 sine
555 1625 671 1703 amieis,
694 1624 871 1689 insidiarum
892 1636 924 1690 et
945 1627 1046 1691 mettis

97 1711 210 1794 plena:
231 1711 309 1774 ratio
324 1710 390 1794 ipsa
403 1721 510 1774 monet
524 1710 675 1772 amicitias
689 1732 806 1792 parare.

139 1796 287 1858 Amicitia
308 1817 380 1858 cum
393 1795 551 1876 voluptate
566 1795 699 1858 maxima
717 1795 932 1858 connectitur:
956 1796 1044 1858 lanto·

96 1899 162 1941 mur
177 1880 259 1942 enim
282 1879 449 1942 amicorum
475 1879 591 1958 letitie,
606 1889 638 1942 et
652 1879 765 1962 pariter
786 1879 925 1942 dolemus
947 1903 1044 1966 ango-

96 1964 189 2027 ribus.

138 2049 257 2112 Eodem
278 2049 371 2112 modo
393 2048 515 2131 sapiens
545 2049 603 2112 erit
632 2049 762 2112 affectus
792 2070 869 2131 erga
897 2051 1043 2126 ainicum,

95 2153 157 2214 quo
184 2133 216 2196 in
245 2135 399 2218 seipsumt
430 2155 568 2215 quosque
594 2134 715 2197 labores
737 2145 861 2215 propter
883 2155 968 2198 suam
988 2155 1043 2195 vo-

95 2217 245 2300 luptatem
275 2219 432 2301 suscipiat,
460 2220 586 2283 eosdem
619 2217 766 2300 suscipiet
790 2229 914 2300 propter
948 2218 1058 2282 ornici-

93 2301 292 2384 voluptatem.

137 2387 251 2450 Verum
278 2386 355 2450 illud
376 2397 432 2464 est,
455 2388 538 2469 quod
567 2387 689 2463 dicitur,
710 2385 811 2450 inultos
838 2387 945 2450 modios
971 2386 1041 2450 salac

92 2471 176 2534 tirntd
188 2473 308 2536 edendos
322 2494 387 2547 esse,
402 2482 433 2534 ut
447 2472 576 2536 amicitie
589 2494 690 2536 munus
698 2469 853 2556 perfectum
866 2472 912 2534 sit.

136 2639 219 2704 Nihil
243 2642 331 2723 aeque
354 2640 493 2704 oblectat
511 2640 646 2704 animum
668 2641 759 2722 quam
783 2641 920 2704 arnicitia
940 2640 1041 2704 fidelis

93 2735 125 2788 ot
139 2725 248 2788 dulcis.
793 2725 802 2740 ⁸

135 2809 295 2878 Quantum
318 2810 433 2874 bouum
455 2821 502 2874 est
523 2809 576 2872 ubi
602 2821 672 2872 sunt
703 2821 875 2893 praeparata
902 2822 1041 2894 pectora,

92 2895 124 2958 iu
139 2916 207 2976 qum
223 2895 286 2956 tute
303 2906 457 2958 secretum
480 2916 570 2957 omne
592 2895 771 2970 descendat,
785 2915 914 2975 quorum
940 2915 1041 2958 sermo

92 2978 318 3042 solicitudinem
341 2978 445 3056 leniat,
461 2979 615 3042 sententia
635 2979 798 3042 consilium
821 2979 975 3062 expediat,
993 2978 1041 3041 hi-

92 3063 195 3126 laritas
211 3061 363 3126 tristitiam
377 3064 513 3146 dissipet.

132 3146 236 3210 Amici
258 3156 402 3228 aspectus
431 3147 531 3209 suavis
553 3157 621 3210 est:
652 3148 784 3230 excepta
813 3146 974 3230 sapientia,
996 3146 1040 3210 nil

46 3257 60 3278 ¹
90 3231 200 3294 melius
221 3231 328 3294 datum
360 3241 407 3294 est
434 3230 550 3293 homini
573 3252 592 3296 a
612 3232 671 3306 diis
693 3232 917 3296 immortalibus
949 3233 1042 3315 quam

90 3313 248 3376 amicitia:
270 3315 343 3395 quid
364 3315 448 3378 enim
468 3314 590 3378 dulcius
612 3316 703 3397 quam
731 3316 857 3395 habore,
882 3337 956 3380 cum
979 3337 1042 3399 quo

90 3397 194 3460 omnia
204 3395 250 3482 ¹sic
266 3398 349 3479 loqui
365 3399 472 3482 possis,
487 3409 521 3462 ut
536 3410 639 3462 tecum
652 3399 664 3462 ?

134 3482 251 3544 Aurum
266 3481 346 3562 ignis
361 3484 481 3563 probat,
496 3485 612 3548 amicos
627 3485 755 3550 adversa
769 3486 901 3550 fortuna.
