2386 3822
563 169 610 240 86

479 345 701 402 EXEMPLUM.

157 433 229 500 Plus
243 433 385 500 homines
396 435 505 515 oculis,
518 440 611 520 quem
625 436 749 500 auribus
763 433 912 500 creduut:
934 433 1066 520 longum

116 520 175 585 iter
188 533 236 587 est
250 541 305 604 per
319 532 497 618 praecepta3
518 521 629 586 efficax
643 533 675 586 et
688 522 781 586 breve
796 541 852 616 per
865 518 1017 602 exempla

158 605 278 674 Quales
298 615 368 669 suut
382 605 404 667 ii
402 606 471 701 qui
489 616 633 688 praesunt,
655 604 733 670 tales
747 615 780 670 et
800 602 846 668 illi
868 603 969 667 solent
982 607 1064 682 csse,

116 688 169 774 qui
183 709 289 752 eorum
302 688 431 771 imperio
445 700 517 753 sunt
530 689 673 786 subjecti.

156 773 232 840 Non
246 773 312 836 lieri
326 783 437 870 potest,
459 780 493 836 ut
516 773 569 854 qui
594 773 694 836 talis
686 793 753 856 ipse
774 781 915 849 nonest,
938 769 1064 867 qualem

116 878 184 921 esse
198 868 329 954 oportet,
344 857 369 921 is
391 856 467 920 alios
491 857 531 920 ad
553 858 717 945 praeclaras
737 868 771 920 et
791 855 964 920 laudabiles
985 855 1064 918 acti-

116 961 191 1006 ones
206 941 358 1006 incitaret.

159 1025 290 1108 Sapiens
311 1047 349 1091 ex
373 1024 504 1090 aliorum
525 1025 588 1090 vital
610 1035 643 1090 et
663 1022 806 1109 exemplo
826 1023 918 1088 sumit
938 1021 1062 1088 vivendi
1189 1059 1190 1064 κ

116 1109 289 1174 consilium.

158 1223 280 1306 Aliquis
307 1226 352 1290 vir
375 1225 475 1290 bonus
498 1224 588 1290 nobis
615 1224 777 1308 eligendus
803 1233 861 1300 est,
882 1243 922 1286 ac
941 1242 1064 1306 semper

115 1318 188 1372 ante
212 1310 321 1376 oculos
343 1311 514 1388 habendus,
528 1323 565 1374 ut
587 1309 633 1372 sic
658 1322 805 1392 tanquam
825 1307 880 1372 illo
900 1317 1062 1390 spectante

115 1413 277 1626 ZMlglra
297 1500 368 1564 pars
387 1489 587 1565 peccatorum
608 1475 773 1555 tollitur,'s1
787 1473 962 1562 peccaturis
976 1473 1065 1540 testis

157 1562 339 1713 llstlilicem
371 1646 467 1725 illum,
489 1648 541 1728 qui
575 1669 637 1711 non
660 1647 826 1730 adspectus
847 1646 976 1721 tantiam,
1008 1643 1064 1708 sed

114 1729 210 1794 etiam
204 1734 380 1828 cogitatus
393 1695 556 1796 ιιιιιιίιιιιι1
588 1732 618 1796 O
640 1730 765 1796 felicem
785 1731 864 1828 qui·
860 1729 905 1794 sic
927 1727 1064 1813 aliquem

114 1815 212 1878 vereri
241 1827 353 1913 potest,
374 1825 409 1879 ut
430 1818 470 1880 ad
491 1817 669 1880 memoriam
691 1836 814 1898 quoque
833 1815 901 1912 ejus
924 1836 958 1879 se
981 1835 1064 1877 com·

115 1910 211 1982 ponat
224 1911 257 1963 et
270 1900 411 1966 ordinet!
442 1899 551 1971 Qui
528 1921 574 1966 src
597 1901 732 1984 aliquem
745 1900 842 1964 vereri
863 1909 977 1986 potest,
998 1898 1064 1964 cito

114 1983 174 2048 erit
187 1985 348 2057 verendus.

158 2069 234 2133 Pars
247 2089 361 2155 magna
374 2069 521 2135 bonitatis
535 2082 592 2150 est,
606 2067 686 2134 velle
702 2067 768 2136 fieri
782 2069 910 2134 bonum.

426 2200 552 2258 noscit
571 2200 748 2256 TEIPSUM.

157 2283 195 2350 In
209 2286 351 2351 omnibus
364 2287 436 2350 vitae
457 2285 605 2383 partibus,
620 2285 700 2349 hanc
714 2287 899 2350 sententiam
913 2295 1062 2367 tanquam

115 2370 275 2435 oraculum
288 2370 426 2448 consule,
439 2371 536 2434 Nosce
558 2370 686 2467 teipsum
739 2370 806 2434 Proe
829 2369 945 2434 loribus
965 2369 1081 2454 enam,

115 2453 222 2536 templi
238 2454 383 2552 Delphici
398 2456 498 2519 aureis
512 2455 607 2518 literis
621 2455 769 2538 scriptum
784 2454 850 2519 suit.

157 2537 271 2602 Melior
284 2561 327 2616 es,
342 2539 367 2603 si
382 2539 514 2635 teipsum
528 2559 710 2622 cognoscas,
732 2541 823 2621 quem
837 2539 872 2617 si,
887 2549 919 2603 te
933 2539 1062 2636 neglec-

115 2629 157 2697 ιο,
172 2641 279 2686 cursus
293 2586 435 2700 sillemm,
450 2624 528 2687 vires
549 2623 723 2701 herbumm,
736 2623 910 2686 coelestium
923 2624 1061 2689 omnium

114 2715 147 2768 et
168 2708 356 2804 terrestrium
378 2707 540 2772 scientiam
560 2707 702 2774 haberes
745 2707 838 2772 Multi
859 2708 943 2772 euim
962 2707 1063 2772 multe

114 2788 226 2866 sciunt,
239 2801 273 2855 et
285 2791 403 2888 seipsos
416 2791 569 2856 nesciunt.

155 2871 279 2940 Frustra
291 2875 372 2960 sepit
385 2875 438 2972 qui
453 2896 516 2972 non
529 2873 589 2941 sibi
603 2876 704 2962 sapit:
725 2875 856 2942 aliorum
868 2874 1001 2942 scientia
1013 2887 1062 2942 est

113 2957 224 3037 inanis,
240 2960 314 3022 dum
327 2960 467 3044 nosipsos
480 2959 666 3044 ignoramus.

155 3127 206 3194 Ne
228 3129 366 3226 teipsum
393 3121 613 3198 existiuaveris
635 3129 766 3196 aliorum
794 3129 984 3211 laudatione,
1005 3131 1063 3256 ssd

113 3210 188 3273 tut
179 3213 275 3294 rpsius
288 3213 488 3278 conscientiis.

155 3293 227 3360 Suis
241 3297 369 3379 quisque
384 3297 464 3362 vitiis
485 3297 649 3378 alanum,
671 3321 770 3384 eaque
788 3299 915 3376 mutatis
929 3299 1063 3368 nomini-

113 3376 170 3440 bus
184 3387 339 3444 extenuat.

104 3460 220 3530 Qui
235 3484 268 3526 se
283 3467 486 3554 nerinorum,
501 3490 623 3553 semper
636 3471 694 3536 sibi
708 3472 862 3538 diffidunt.
