<?xml version="1.0" encoding="UTF-8"?>
<!DOCTYPE html PUBLIC "-//W3C//DTD XHTML 1.0 Transitional//EN"
    "http://www.w3.org/TR/xhtml1/DTD/xhtml1-transitional.dtd">
<html xmlns="http://www.w3.org/1999/xhtml" xml:lang="en" lang="en">
 <head>
  <title>
</title>
<meta http-equiv="Content-Type" content="text/html;charset=utf-8" />
  <meta name='ocr-system' content='tesseract 3.04.00' />
  <meta name='ocr-capabilities' content='ocr_page ocr_carea ocr_par ocr_line ocrx_word'/>
</head>
<body>
  <div class='ocr_page' id='page_1' title='image "./liberprimusoraf02danagoog_0063.png"; bbox 0 0 2386 3822; ppageno 0'>
   <div class='ocr_carea' id='block_1_1' title="bbox 550 172 598 242">
    <p class='ocr_par' dir='ltr' id='par_1_1' title="bbox 550 172 598 242">
     <span class='ocr_line' id='line_1_1' title="bbox 550 172 598 242; baseline -0.042 0"><span class='ocrx_word' id='word_1_1' title='bbox 550 172 598 242; x_wconf 84' lang='lat'><strong>57</strong></span> 
     </span>
    </p>
   </div>
   <div class='ocr_carea' id='block_1_2' title="bbox 100 351 1053 1091">
    <p class='ocr_par' dir='ltr' id='par_1_2' title="bbox 101 351 1052 586">
     <span class='ocr_line' id='line_1_2' title="bbox 145 351 1052 436; baseline 0.002 -20"><span class='ocrx_word' id='word_1_2' title='bbox 145 351 209 416; x_wconf 87' lang='lat' dir='ltr'><strong>Ubi</strong></span> <span class='ocrx_word' id='word_1_3' title='bbox 236 353 303 415; x_wconf 88' lang='lat' dir='ltr'><strong>dies</strong></span> <span class='ocrx_word' id='word_1_4' title='bbox 330 353 440 431; x_wconf 85' lang='lat' dir='ltr'><strong>illuxit,</strong></span> <span class='ocrx_word' id='word_1_5' title='bbox 469 371 597 436; x_wconf 83' lang='lat' dir='ltr'><strong>surgens</strong></span> <span class='ocrx_word' id='word_1_6' title='bbox 618 373 637 415; x_wconf 91' lang='lat' dir='ltr'><strong>e</strong></span> <span class='ocrx_word' id='word_1_7' title='bbox 660 351 776 416; x_wconf 89' lang='lat' dir='ltr'><strong>lectulo</strong></span> <span class='ocrx_word' id='word_1_8' title='bbox 798 352 919 436; x_wconf 85' lang='lat' dir='ltr'><strong>aperuit</strong></span> <span class='ocrx_word' id='word_1_9' title='bbox 939 353 1052 418; x_wconf 91' lang='lat' dir='ltr'><strong>ostium</strong></span> 
     </span>
     <span class='ocr_line' id='line_1_3' title="bbox 101 436 1052 515; baseline 0.006 -17"><span class='ocrx_word' id='word_1_10' title='bbox 101 436 305 515; x_wconf 87' lang='lat' dir='ltr'><strong>tabemaculi‚</strong></span> <span class='ocrx_word' id='word_1_11' title='bbox 327 439 373 500; x_wconf 90' lang='lat' dir='ltr'><strong>uti</strong></span> <span class='ocrx_word' id='word_1_12' title='bbox 406 437 508 500; x_wconf 87' lang='lat' dir='ltr'><strong>facere</strong></span> <span class='ocrx_word' id='word_1_13' title='bbox 537 448 757 504; x_wconf 76' lang='lat' dir='ltr'><strong>consueveratt</strong></span> <span class='ocrx_word' id='word_1_14' title='bbox 792 438 921 501; x_wconf 85' lang='lat' dir='ltr'><strong>timebat</strong></span> <span class='ocrx_word' id='word_1_15' title='bbox 948 448 1052 503; x_wconf 82' lang='lat' dir='ltr'><strong>autem</strong></span> 
     </span>
     <span class='ocr_line' id='line_1_4' title="bbox 102 521 679 586; baseline 0.003 -4"><span class='ocrx_word' id='word_1_16' title='bbox 102 521 256 584; x_wconf 86' lang='lat' dir='ltr'><strong>secerdoti</strong></span> <span class='ocrx_word' id='word_1_17' title='bbox 270 522 409 586; x_wconf 88' lang='lat' dir='ltr'><strong>indicare</strong></span> <span class='ocrx_word' id='word_1_18' title='bbox 424 540 594 584; x_wconf 87' lang='lat' dir='ltr'><strong>sermonem</strong></span> <span class='ocrx_word' id='word_1_19' title='bbox 608 521 679 584; x_wconf 89' lang='lat' dir='ltr'><strong>Dei.</strong></span> 
     </span>
    </p>

    <p class='ocr_par' dir='ltr' id='par_1_3' title="bbox 100 605 1052 856">
     <span class='ocr_line' id='line_1_5' title="bbox 145 605 1051 689; baseline 0.003 -21"><span class='ocrx_word' id='word_1_20' title='bbox 145 605 220 669; x_wconf 91' lang='lat' dir='ltr'><strong>Heli</strong></span> <span class='ocrx_word' id='word_1_21' title='bbox 248 606 440 689; x_wconf 85' lang='lat' dir='ltr'><strong>compellans</strong></span> <span class='ocrx_word' id='word_1_22' title='bbox 461 625 552 668; x_wconf 86' lang='lat' dir='ltr'><strong>eum:</strong></span> <span class='ocrx_word' id='word_1_23' title='bbox 573 627 627 668; x_wconf 92' lang='lat' dir='ltr'><strong>oro</strong></span> <span class='ocrx_word' id='word_1_24' title='bbox 649 615 691 683; x_wconf 88' lang='lat' dir='ltr'><strong>te,</strong></span> <span class='ocrx_word' id='word_1_25' title='bbox 714 606 823 688; x_wconf 91' lang='lat' dir='ltr'><strong>inquit,</strong></span> <span class='ocrx_word' id='word_1_26' title='bbox 851 615 883 670; x_wconf 88' lang='lat' dir='ltr'><strong>et</strong></span> <span class='ocrx_word' id='word_1_27' title='bbox 904 605 1051 685; x_wconf 90' lang='lat' dir='ltr'><strong>obtestor,</strong></span> 
     </span>
     <span class='ocr_line' id='line_1_6' title="bbox 100 689 1052 773; baseline 0.004 -22"><span class='ocrx_word' id='word_1_28' title='bbox 100 689 207 753; x_wconf 88' lang='lat' dir='ltr'><strong>indica</strong></span> <span class='ocrx_word' id='word_1_29' title='bbox 220 690 296 753; x_wconf 90' lang='lat' dir='ltr'><strong>mibi</strong></span> <span class='ocrx_word' id='word_1_30' title='bbox 310 711 348 754; x_wconf 88' lang='lat' dir='ltr'><strong>ea</strong></span> <span class='ocrx_word' id='word_1_31' title='bbox 363 711 433 773; x_wconf 85' lang='lat' dir='ltr'><strong>quae</strong></span> <span class='ocrx_word' id='word_1_32' title='bbox 457 689 534 752; x_wconf 83' lang='lat' dir='ltr'>dixit</span> <span class='ocrx_word' id='word_1_33' title='bbox 549 690 605 752; x_wconf 90' lang='lat' dir='ltr'><strong>tibi</strong></span> <span class='ocrx_word' id='word_1_34' title='bbox 626 689 732 754; x_wconf 88' lang='lat' dir='ltr'><strong>Deus:</strong></span> <span class='ocrx_word' id='word_1_35' title='bbox 753 711 830 754; x_wconf 86' lang='lat' dir='ltr'><strong>cave</strong></span> <span class='ocrx_word' id='word_1_36' title='bbox 845 710 885 754; x_wconf 91' lang='lat' dir='ltr'><strong>ne</strong></span> <span class='ocrx_word' id='word_1_37' title='bbox 898 711 949 754; x_wconf 88' lang='lat' dir='ltr'><strong>me</strong></span> <span class='ocrx_word' id='word_1_38' title='bbox 963 692 1052 773; x_wconf 91' lang='lat' dir='ltr'><strong>quid·</strong></span> 
     </span>
     <span class='ocr_line' id='line_1_7' title="bbox 102 773 668 856; baseline 0 -20"><span class='ocrx_word' id='word_1_39' title='bbox 102 793 196 855; x_wconf 90' lang='lat' dir='ltr'><strong>quam</strong></span> <span class='ocrx_word' id='word_1_40' title='bbox 211 774 296 838; x_wconf 87' lang='lat' dir='ltr'><strong>celes</strong></span> <span class='ocrx_word' id='word_1_41' title='bbox 310 793 416 838; x_wconf 89' lang='lat' dir='ltr'><strong>corum</strong></span> <span class='ocrx_word' id='word_1_42' title='bbox 430 795 500 856; x_wconf 77' lang='lat' dir='ltr'><strong>quae</strong></span> <span class='ocrx_word' id='word_1_43' title='bbox 516 773 668 836; x_wconf 84' lang='lat' dir='ltr'><strong>audivisti.</strong></span> 
     </span>
    </p>

    <p class='ocr_par' dir='ltr' id='par_1_4' title="bbox 102 856 1053 1091">
     <span class='ocr_line' id='line_1_8' title="bbox 144 856 1053 942; baseline 0.002 -20"><span class='ocrx_word' id='word_1_44' title='bbox 144 858 273 922; x_wconf 81' lang='lat' dir='ltr'><strong>lubenti</strong></span> <span class='ocrx_word' id='word_1_45' title='bbox 297 859 397 942; x_wconf 90' lang='lat' dir='ltr'><strong>paruit</strong></span> <span class='ocrx_word' id='word_1_46' title='bbox 412 856 548 933; x_wconf 82' lang='lat' dir='ltr'>Samuel,</span> <span class='ocrx_word' id='word_1_47' title='bbox 564 858 668 939; x_wconf 89' lang='lat' dir='ltr'><strong>illique</strong></span> <span class='ocrx_word' id='word_1_48' title='bbox 683 859 835 922; x_wconf 81' lang='lat' dir='ltr'><strong>enarravit</strong></span> <span class='ocrx_word' id='word_1_49' title='bbox 861 859 965 922; x_wconf 90' lang='lat' dir='ltr'><strong>omnia</strong></span> <span class='ocrx_word' id='word_1_50' title='bbox 985 881 1053 925; x_wconf 88' lang='lat' dir='ltr'><strong>ver-</strong></span> 
     </span>
     <span class='ocr_line' id='line_1_9' title="bbox 102 943 1052 1028; baseline 0.003 -22"><span class='ocrx_word' id='word_1_51' title='bbox 102 943 146 1006; x_wconf 88' lang='lat' dir='ltr'><strong>ba</strong></span> <span class='ocrx_word' id='word_1_52' title='bbox 175 943 317 1006; x_wconf 87' lang='lat' dir='ltr'><strong>Domini:</strong></span> <span class='ocrx_word' id='word_1_53' title='bbox 339 944 391 1007; x_wconf 90' lang='lat' dir='ltr'><strong>cui</strong></span> <span class='ocrx_word' id='word_1_54' title='bbox 413 943 504 1006; x_wconf 88' lang='lat' dir='ltr'><strong>Heli:</strong></span> <span class='ocrx_word' id='word_1_55' title='bbox 525 943 675 1006; x_wconf 86' lang='lat' dir='ltr'><strong>Dominus</strong></span> <span class='ocrx_word' id='word_1_56' title='bbox 696 953 753 1022; x_wconf 82' lang='lat' dir='ltr'><strong>est,</strong></span> <span class='ocrx_word' id='word_1_57' title='bbox 776 943 828 1022; x_wconf 87' lang='lat' dir='ltr'><strong>ait,</strong></span> <span class='ocrx_word' id='word_1_58' title='bbox 854 943 949 1008; x_wconf 86' lang='lat' dir='ltr'><strong>faciat</strong></span> <span class='ocrx_word' id='word_1_59' title='bbox 969 945 1052 1028; x_wconf 92' lang='lat' dir='ltr'><strong>quod</strong></span> 
     </span>
     <span class='ocr_line' id='line_1_10' title="bbox 103 1027 310 1091; baseline -0.005 -1"><span class='ocrx_word' id='word_1_60' title='bbox 103 1028 162 1090; x_wconf 86' lang='lat' dir='ltr'><strong>sibi</strong></span> <span class='ocrx_word' id='word_1_61' title='bbox 177 1027 310 1091; x_wconf 82' lang='lat' dir='ltr'><strong>libuerit.</strong></span> 
     </span>
    </p>
   </div>
   <div class='ocr_carea' id='block_1_3' title="bbox 98 1215 1053 1976">
    <p class='ocr_par' dir='ltr' id='par_1_5' title="bbox 98 1215 1053 1639">
     <span class='ocr_line' id='line_1_11' title="bbox 144 1215 1053 1300; baseline 0.004 -20"><span class='ocrx_word' id='word_1_62' title='bbox 144 1216 241 1280; x_wconf 85' lang='lat' dir='ltr'><strong>Peulb</strong></span> <span class='ocrx_word' id='word_1_63' title='bbox 265 1217 335 1300; x_wconf 82' lang='lat' dir='ltr'><strong>pdst</strong></span> <span class='ocrx_word' id='word_1_64' title='bbox 355 1215 474 1282; x_wconf 90' lang='lat' dir='ltr'><strong>bellum</strong></span> <span class='ocrx_word' id='word_1_65' title='bbox 493 1227 634 1281; x_wconf 81' lang='lat' dir='ltr'><strong>exortum</strong></span> <span class='ocrx_word' id='word_1_66' title='bbox 655 1227 703 1280; x_wconf 88' lang='lat' dir='ltr'><strong>est</strong></span> <span class='ocrx_word' id='word_1_67' title='bbox 723 1217 803 1280; x_wconf 88' lang='lat' dir='ltr'><strong>inter</strong></span> <span class='ocrx_word' id='word_1_68' title='bbox 824 1215 998 1282; x_wconf 80' lang='lat' dir='ltr'><strong>Philistaeor</strong></span> <span class='ocrx_word' id='word_1_69' title='bbox 1019 1229 1053 1284; x_wconf 84' lang='lat' dir='ltr'><strong>et</strong></span> 
     </span>
     <span class='ocr_line' id='line_1_12' title="bbox 99 1301 1052 1470; baseline 0.002 -22"><span class='ocrx_word' id='word_1_70' title='bbox 99 1301 274 1449; x_wconf 49' lang='lat' dir='ltr'><strong>Helblbbllgi</strong></span> <span class='ocrx_word' id='word_1_71' title='bbox 289 1407 393 1449; x_wconf 86' lang='lat' dir='ltr'><strong>ercam</strong></span> <span class='ocrx_word' id='word_1_72' title='bbox 406 1385 529 1449; x_wconf 85' lang='lat' dir='ltr'><strong>foederis</strong></span> <span class='ocrx_word' id='word_1_73' title='bbox 551 1385 583 1449; x_wconf 92' lang='lat' dir='ltr'><strong>in</strong></span> <span class='ocrx_word' id='word_1_74' title='bbox 607 1405 744 1470; x_wconf 85' lang='lat' dir='ltr'><strong>pugnam</strong></span> <span class='ocrx_word' id='word_1_75' title='bbox 766 1385 920 1463; x_wconf 86' lang='lat' dir='ltr'><strong>deferunt,</strong></span> <span class='ocrx_word' id='word_1_76' title='bbox 934 1396 1052 1450; x_wconf 87' lang='lat' dir='ltr'><strong>etcum</strong></span> 
     </span>
     <span class='ocr_line' id='line_1_13' title="bbox 98 1469 1053 1552; baseline 0.001 -18"><span class='ocrx_word' id='word_1_77' title='bbox 98 1475 141 1534; x_wconf 71' lang='lat' dir='ltr'><strong>ed</strong></span> <span class='ocrx_word' id='word_1_78' title='bbox 155 1469 211 1532; x_wconf 86' lang='lat' dir='ltr'><strong>lilii</strong></span> <span class='ocrx_word' id='word_1_79' title='bbox 225 1470 394 1534; x_wconf 79' lang='lat' dir='ltr'><strong>sacerdotis</strong></span> <span class='ocrx_word' id='word_1_80' title='bbox 408 1471 600 1552; x_wconf 82' lang='lat' dir='ltr'><strong>procedunt3</strong></span> <span class='ocrx_word' id='word_1_81' title='bbox 621 1472 686 1548; x_wconf 92' lang='lat' dir='ltr'><strong>sed,</strong></span> <span class='ocrx_word' id='word_1_82' title='bbox 701 1471 775 1552; x_wconf 89' lang='lat' dir='ltr'><strong>quia</strong></span> <span class='ocrx_word' id='word_1_83' title='bbox 798 1469 883 1534; x_wconf 76' lang='lat' dir='ltr'><strong>Deus</strong></span> <span class='ocrx_word' id='word_1_84' title='bbox 904 1469 965 1532; x_wconf 88' lang='lat' dir='ltr'><strong>illis</strong></span> <span class='ocrx_word' id='word_1_85' title='bbox 986 1482 1053 1535; x_wconf 86' lang='lat' dir='ltr'><strong>erat</strong></span> 
     </span>
     <span class='ocr_line' id='line_1_14' title="bbox 102 1553 1051 1639; baseline 0.001 -21"><span class='ocrx_word' id='word_1_86' title='bbox 102 1554 248 1632; x_wconf 88' lang='lat' dir='ltr'><strong>offensus,</strong></span> <span class='ocrx_word' id='word_1_87' title='bbox 262 1575 336 1618; x_wconf 80' lang='lat' dir='ltr'><strong>arce</strong></span> <span class='ocrx_word' id='word_1_88' title='bbox 349 1554 533 1619; x_wconf 89' lang='lat' dir='ltr'><strong>detrimento</strong></span> <span class='ocrx_word' id='word_1_89' title='bbox 556 1555 655 1639; x_wconf 82' lang='lat' dir='ltr'><strong>magis</strong></span> <span class='ocrx_word' id='word_1_90' title='bbox 677 1556 769 1636; x_wconf 77' lang='lat' dir='ltr'><strong>quim</strong></span> <span class='ocrx_word' id='word_1_91' title='bbox 783 1553 962 1638; x_wconf 84' lang='lat' dir='ltr'><strong>adjumento</strong></span> <span class='ocrx_word' id='word_1_92' title='bbox 983 1555 1051 1620; x_wconf 87' lang='lat' dir='ltr'><strong>fuit.</strong></span> 
     </span>
    </p>

    <p class='ocr_par' dir='ltr' id='par_1_6' title="bbox 99 1637 1053 1976">
     <span class='ocr_line' id='line_1_15' title="bbox 144 1637 1052 1724; baseline 0.001 -21"><span class='ocrx_word' id='word_1_93' title='bbox 144 1639 228 1703; x_wconf 84' lang='lat' dir='ltr'><strong>Victi</strong></span> <span class='ocrx_word' id='word_1_94' title='bbox 250 1650 322 1704; x_wconf 76' lang='lat' dir='ltr'><strong>sumt</strong></span> <span class='ocrx_word' id='word_1_95' title='bbox 345 1639 484 1718; x_wconf 80' lang='lat' dir='ltr'><strong>Hebraei,</strong></span> <span class='ocrx_word' id='word_1_96' title='bbox 497 1639 595 1704; x_wconf 84' lang='lat' dir='ltr'><strong>occisi</strong></span> <span class='ocrx_word' id='word_1_97' title='bbox 616 1637 673 1703; x_wconf 86' lang='lat' dir='ltr'><strong>filii</strong></span> <span class='ocrx_word' id='word_1_98' title='bbox 696 1638 965 1717; x_wconf 65' lang='lat' dir='ltr'><strong>sacerdotissae</strong></span> <span class='ocrx_word' id='word_1_99' title='bbox 984 1640 1052 1724; x_wconf 81' lang='lat' dir='ltr'><strong>ipsa</strong></span> 
     </span>
     <span class='ocr_line' id='line_1_16' title="bbox 99 1734 1053 1888; baseline 0.004 -16"><span class='ocrx_word' id='word_1_100' title='bbox 99 1734 350 1887; x_wconf 53' lang='lat' dir='ltr'><strong>appplpspudito</strong></span> <span class='ocrx_word' id='word_1_101' title='bbox 370 1819 466 1873; x_wconf 77' lang='lat' dir='ltr'><strong>tante</strong></span> <span class='ocrx_word' id='word_1_102' title='bbox 488 1807 588 1873; x_wconf 85' lang='lat' dir='ltr'><strong>cladis</strong></span> <span class='ocrx_word' id='word_1_103' title='bbox 609 1809 734 1888; x_wconf 86' lang='lat' dir='ltr'><strong>nuncio,</strong></span> <span class='ocrx_word' id='word_1_104' title='bbox 749 1830 767 1874; x_wconf 90' lang='lat' dir='ltr'><strong>e</strong></span> <span class='ocrx_word' id='word_1_105' title='bbox 781 1807 858 1874; x_wconf 68' lang='lat' dir='ltr'><strong>selle</strong></span> <span class='ocrx_word' id='word_1_106' title='bbox 870 1806 999 1886; x_wconf 82' lang='lat' dir='ltr'><strong>decidit,</strong></span> <span class='ocrx_word' id='word_1_107' title='bbox 1019 1818 1053 1876; x_wconf 84' lang='lat' dir='ltr'><strong>et</strong></span> 
     </span>
     <span class='ocr_line' id='line_1_17' title="bbox 102 1892 676 1976; baseline 0.009 -21"><span class='ocrx_word' id='word_1_108' title='bbox 102 1892 334 1976; x_wconf 26' lang='lat' dir='ltr'><strong>fractb&#39;cervice</strong></span> <span class='ocrx_word' id='word_1_109' title='bbox 348 1905 486 1958; x_wconf 89' lang='lat' dir='ltr'><strong>mortuus</strong></span> <span class='ocrx_word' id='word_1_110' title='bbox 500 1905 560 1958; x_wconf 90' lang='lat' dir='ltr'><strong>est.</strong></span> <span class='ocrx_word' id='word_1_111' title='bbox 674 1954 676 1960; x_wconf 82' lang='grc'>,</span> 
     </span>
    </p>
   </div>
   <div class='ocr_carea' id='block_1_4' title="bbox 544 1997 614 2056">
    <p class='ocr_par' dir='ltr' id='par_1_7' title="bbox 544 1997 614 2056">
     <span class='ocr_line' id='line_1_18' title="bbox 544 1997 614 2056; baseline 0 0"><span class='ocrx_word' id='word_1_112' title='bbox 544 1997 614 2056; x_wconf 76' lang='lat'><strong>107.</strong></span> 
     </span>
    </p>
   </div>
   <div class='ocr_carea' id='block_1_5' title="bbox 57 2089 1083 3190">
    <p class='ocr_par' dir='ltr' id='par_1_8' title="bbox 102 2089 1052 2325">
     <span class='ocr_line' id='line_1_19' title="bbox 146 2089 1052 2176; baseline 0 -20"><span class='ocrx_word' id='word_1_113' title='bbox 146 2091 273 2156; x_wconf 85' lang='lat' dir='ltr'><strong>Samuel</strong></span> <span class='ocrx_word' id='word_1_114' title='bbox 295 2091 354 2156; x_wconf 83' lang='lat' dir='ltr'><strong>firit</strong></span> <span class='ocrx_word' id='word_1_115' title='bbox 374 2101 546 2175; x_wconf 88' lang='lat' dir='ltr'><strong>postremus</strong></span> <span class='ocrx_word' id='word_1_116' title='bbox 575 2089 781 2155; x_wconf 82' lang='lat' dir='ltr'><strong>Hebraeorum</strong></span> <span class='ocrx_word' id='word_1_117' title='bbox 798 2091 903 2176; x_wconf 88' lang='lat' dir='ltr'><strong>judex,</strong></span> <span class='ocrx_word' id='word_1_118' title='bbox 931 2111 1052 2156; x_wconf 89' lang='lat' dir='ltr'><strong>eorum·</strong></span> 
     </span>
     <span class='ocr_line' id='line_1_20' title="bbox 103 2174 1052 2261; baseline 0.001 -21"><span class='ocrx_word' id='word_1_119' title='bbox 103 2197 231 2259; x_wconf 85' lang='lat' dir='ltr'><strong>queres</strong></span> <span class='ocrx_word' id='word_1_120' title='bbox 252 2177 284 2240; x_wconf 92' lang='lat' dir='ltr'><strong>in</strong></span> <span class='ocrx_word' id='word_1_121' title='bbox 298 2176 416 2239; x_wconf 68' lang='lat' dir='ltr'><strong>summi</strong></span> <span class='ocrx_word' id='word_1_122' title='bbox 437 2195 516 2260; x_wconf 86' lang='lat' dir='ltr'><strong>pace</strong></span> <span class='ocrx_word' id='word_1_123' title='bbox 538 2186 571 2241; x_wconf 86' lang='lat' dir='ltr'><strong>et</strong></span> <span class='ocrx_word' id='word_1_124' title='bbox 584 2175 735 2261; x_wconf 68' lang='lat' dir='ltr'><strong>perpetua</strong></span> <span class='ocrx_word' id='word_1_125' title='bbox 754 2174 976 2257; x_wconf 85' lang='lat' dir='ltr'><strong>tranquillitate</strong></span> <span class='ocrx_word' id='word_1_126' title='bbox 997 2176 1052 2241; x_wconf 90' lang='lat' dir='ltr'><strong>ad-</strong></span> 
     </span>
     <span class='ocr_line' id='line_1_21' title="bbox 102 2261 293 2325; baseline -0.005 0"><span class='ocrx_word' id='word_1_127' title='bbox 102 2261 293 2325; x_wconf 87' lang='lat' dir='ltr'><strong>ministravit.</strong></span> 
     </span>
    </p>

    <p class='ocr_par' dir='ltr' id='par_1_9' title="bbox 98 2341 1083 2852">
     <span class='ocr_line' id='line_1_22' title="bbox 145 2341 1051 2430; baseline -0.001 -21"><span class='ocrx_word' id='word_1_128' title='bbox 145 2348 190 2409; x_wconf 85' lang='lat' dir='ltr'><strong>At</strong></span> <span class='ocrx_word' id='word_1_129' title='bbox 204 2366 299 2428; x_wconf 90' lang='lat' dir='ltr'><strong>quum</strong></span> <span class='ocrx_word' id='word_1_130' title='bbox 325 2345 484 2424; x_wconf 81' lang='lat' dir='ltr'><strong>senuisset,</strong></span> <span class='ocrx_word' id='word_1_131' title='bbox 499 2355 532 2410; x_wconf 86' lang='lat' dir='ltr'><strong>et</strong></span> <span class='ocrx_word' id='word_1_132' title='bbox 555 2345 610 2416; x_wconf 87' lang='lat' dir='ltr'><strong>filii</strong></span> <span class='ocrx_word' id='word_1_133' title='bbox 631 2345 698 2430; x_wconf 84' lang='lat' dir='ltr'><strong>ejus</strong></span> <span class='ocrx_word' id='word_1_134' title='bbox 719 2341 895 2409; x_wconf 87' lang='lat' dir='ltr'><strong>amoribus</strong></span> <span class='ocrx_word' id='word_1_135' title='bbox 916 2344 1051 2429; x_wconf 87' lang='lat' dir='ltr'><strong>paternis</strong></span> 
     </span>
     <span class='ocr_line' id='line_1_23' title="bbox 98 2429 1051 2515; baseline -0.001 -21"><span class='ocrx_word' id='word_1_136' title='bbox 98 2430 321 2510; x_wconf 81' lang='lat' dir='ltr'><strong>desciscerent,</strong></span> <span class='ocrx_word' id='word_1_137' title='bbox 337 2429 479 2514; x_wconf 90' lang='lat' dir='ltr'><strong>populus,</strong></span> <span class='ocrx_word' id='word_1_138' title='bbox 503 2430 647 2496; x_wconf 87' lang='lat' dir='ltr'><strong>novitatis</strong></span> <span class='ocrx_word' id='word_1_139' title='bbox 669 2449 784 2507; x_wconf 81' lang='lat' dir='ltr'><strong>ornans,</strong></span> <span class='ocrx_word' id='word_1_140' title='bbox 808 2429 848 2493; x_wconf 87' lang='lat' dir='ltr'><strong>ab</strong></span> <span class='ocrx_word' id='word_1_141' title='bbox 870 2429 926 2493; x_wconf 92' lang='lat' dir='ltr'><strong>illo</strong></span> <span class='ocrx_word' id='word_1_142' title='bbox 945 2451 1051 2515; x_wconf 87' lang='lat' dir='ltr'><strong>regem</strong></span> 
     </span>
     <span class='ocr_line' id='line_1_24' title="bbox 102 2515 202 2578; baseline -0.02 0"><span class='ocrx_word' id='word_1_143' title='bbox 102 2555 105 2566; x_wconf 81' lang='lat'><em>·</em></span> <span class='ocrx_word' id='word_1_144' title='bbox 144 2515 202 2578; x_wconf 88' lang='lat' dir='ltr'><strong>tiit.</strong></span> 
     </span>
     <span class='ocr_line' id='line_1_25' title="bbox 101 2535 1083 2684; baseline 0 -22"><span class='ocrx_word' id='word_1_145' title='bbox 101 2535 271 2663; x_wconf 75' lang='lat' dir='ltr'><strong>peSamuel</strong></span> <span class='ocrx_word' id='word_1_146' title='bbox 300 2600 396 2684; x_wconf 88' lang='lat' dir='ltr'><strong>primb</strong></span> <span class='ocrx_word' id='word_1_147' title='bbox 418 2621 483 2664; x_wconf 90' lang='lat' dir='ltr'><strong>rem</strong></span> <span class='ocrx_word' id='word_1_148' title='bbox 504 2599 656 2676; x_wconf 76' lang='lat' dir='ltr'><strong>dissuasit,</strong></span> <span class='ocrx_word' id='word_1_149' title='bbox 678 2598 892 2681; x_wconf 87' lang='lat' dir='ltr'><strong>Hebraeosque</strong></span> <span class='ocrx_word' id='word_1_150' title='bbox 922 2597 962 2662; x_wconf 91' lang='lat' dir='ltr'><strong>ab</strong></span> <span class='ocrx_word' id='word_1_151' title='bbox 990 2597 1050 2662; x_wconf 86' lang='lat' dir='ltr'><strong>isto</strong></span> <span class='ocrx_word' id='word_1_152' title='bbox 1080 2613 1083 2620; x_wconf 58' lang='lat'><strong>⁴</strong></span> 
     </span>
     <span class='ocr_line' id='line_1_26' title="bbox 103 2682 1051 2764; baseline 0 -18"><span class='ocrx_word' id='word_1_153' title='bbox 103 2683 233 2747; x_wconf 91' lang='lat' dir='ltr'><strong>consilio</strong></span> <span class='ocrx_word' id='word_1_154' title='bbox 260 2684 415 2749; x_wconf 88' lang='lat' dir='ltr'><strong>dimovere</strong></span> <span class='ocrx_word' id='word_1_155' title='bbox 436 2694 568 2748; x_wconf 88' lang='lat' dir='ltr'><strong>conatus</strong></span> <span class='ocrx_word' id='word_1_156' title='bbox 598 2695 666 2764; x_wconf 83' lang='lat' dir='ltr'><strong>est3</strong></span> <span class='ocrx_word' id='word_1_157' title='bbox 698 2683 753 2747; x_wconf 92' lang='lat' dir='ltr'><strong>sed</strong></span> <span class='ocrx_word' id='word_1_158' title='bbox 775 2682 820 2747; x_wconf 94' lang='lat' dir='ltr'><strong>illi</strong></span> <span class='ocrx_word' id='word_1_159' title='bbox 842 2684 874 2746; x_wconf 92' lang='lat' dir='ltr'><strong>in</strong></span> <span class='ocrx_word' id='word_1_160' title='bbox 896 2683 1051 2746; x_wconf 62' lang='lat' dir='ltr'><strong>sententie</strong></span> 
     </span>
     <span class='ocr_line' id='line_1_27' title="bbox 101 2768 618 2852; baseline 0.004 -22"><span class='ocrx_word' id='word_1_161' title='bbox 101 2768 310 2852; x_wconf 88' lang='lat' dir='ltr'><strong>perstitemnt.</strong></span> <span class='ocrx_word' id='word_1_162' title='bbox 610 2781 618 2786; x_wconf 83' lang='grc'><strong>“</strong></span> 
     </span>
    </p>

    <p class='ocr_par' dir='ltr' id='par_1_10' title="bbox 57 2851 1050 3022">
     <span class='ocr_line' id='line_1_28' title="bbox 57 2851 1050 2936; baseline -0.006 -16"><span class='ocrx_word' id='word_1_163' title='bbox 57 2875 62 2882; x_wconf 72' lang='grc'><strong>“</strong></span> <span class='ocrx_word' id='word_1_164' title='bbox 146 2851 254 2920; x_wconf 77' lang='lat' dir='ltr'><strong>Quare</strong></span> <span class='ocrx_word' id='word_1_165' title='bbox 268 2853 443 2918; x_wconf 86' lang='lat' dir='ltr'><strong>admonitus</strong></span> <span class='ocrx_word' id='word_1_166' title='bbox 457 2853 553 2917; x_wconf 89' lang='lat' dir='ltr'><strong>aDeo</strong></span> <span class='ocrx_word' id='word_1_167' title='bbox 568 2851 693 2916; x_wconf 86' lang='lat' dir='ltr'><strong>Samuel</strong></span> <span class='ocrx_word' id='word_1_168' title='bbox 709 2851 816 2917; x_wconf 89' lang='lat' dir='ltr'><strong>annuit</strong></span> <span class='ocrx_word' id='word_1_169' title='bbox 826 2871 932 2916; x_wconf 88' lang='lat' dir='ltr'><strong>eorum</strong></span> <span class='ocrx_word' id='word_1_170' title='bbox 945 2861 1050 2936; x_wconf 90' lang='lat' dir='ltr'><strong>postu·</strong></span> 
     </span>
     <span class='ocr_line' id='line_1_29' title="bbox 104 2933 743 3022; baseline 0.002 -25"><span class='ocrx_word' id='word_1_171' title='bbox 104 2933 220 3012; x_wconf 87' lang='lat' dir='ltr'><strong>lationi,</strong></span> <span class='ocrx_word' id='word_1_172' title='bbox 234 2947 267 3001; x_wconf 90' lang='lat' dir='ltr'><strong>et</strong></span> <span class='ocrx_word' id='word_1_173' title='bbox 281 2937 405 3001; x_wconf 85' lang='lat' dir='ltr'><strong>Saiilem</strong></span> <span class='ocrx_word' id='word_1_174' title='bbox 420 2957 526 3022; x_wconf 86' lang='lat' dir='ltr'><strong>regem</strong></span> <span class='ocrx_word' id='word_1_175' title='bbox 540 2936 743 3000; x_wconf 86' lang='lat' dir='ltr'><strong>consecravit.</strong></span> 
     </span>
    </p>

    <p class='ocr_par' dir='ltr' id='par_1_11' title="bbox 101 3017 1049 3190">
     <span class='ocr_line' id='line_1_30' title="bbox 145 3017 1049 3106; baseline -0.001 -24"><span class='ocrx_word' id='word_1_176' title='bbox 145 3017 220 3082; x_wconf 88' lang='lat' dir='ltr'><strong>Erat</strong></span> <span class='ocrx_word' id='word_1_177' title='bbox 234 3020 334 3086; x_wconf 84' lang='lat' dir='ltr'><strong>Saiilis</strong></span> <span class='ocrx_word' id='word_1_178' title='bbox 354 3022 464 3106; x_wconf 90' lang='lat' dir='ltr'><strong>ingens</strong></span> <span class='ocrx_word' id='word_1_179' title='bbox 486 3031 602 3085; x_wconf 85' lang='lat' dir='ltr'><strong>statura</strong></span> <span class='ocrx_word' id='word_1_180' title='bbox 623 3030 656 3083; x_wconf 92' lang='lat' dir='ltr'><strong>et</strong></span> <span class='ocrx_word' id='word_1_181' title='bbox 680 3019 774 3084; x_wconf 87' lang='lat' dir='ltr'><strong>forma</strong></span> <span class='ocrx_word' id='word_1_182' title='bbox 790 3019 956 3096; x_wconf 84' lang='lat' dir='ltr'><strong>excellens,</strong></span> <span class='ocrx_word' id='word_1_183' title='bbox 971 3017 1049 3081; x_wconf 87' lang='lat' dir='ltr'><strong>adeb</strong></span> 
     </span>
     <span class='ocr_line' id='line_1_31' title="bbox 101 3102 1047 3190; baseline -0.002 -22"><span class='ocrx_word' id='word_1_184' title='bbox 101 3113 138 3168; x_wconf 89' lang='lat' dir='ltr'><strong>ut</strong></span> <span class='ocrx_word' id='word_1_185' title='bbox 149 3103 285 3188; x_wconf 83' lang='lat' dir='ltr'><strong>dignitas</strong></span> <span class='ocrx_word' id='word_1_186' title='bbox 300 3106 436 3190; x_wconf 88' lang='lat' dir='ltr'><strong>corporis</strong></span> <span class='ocrx_word' id='word_1_187' title='bbox 450 3105 594 3190; x_wconf 87' lang='lat' dir='ltr'><strong>dignitati</strong></span> <span class='ocrx_word' id='word_1_188' title='bbox 609 3104 703 3189; x_wconf 75' lang='lat' dir='ltr'><strong>regie</strong></span> <span class='ocrx_word' id='word_1_189' title='bbox 718 3103 846 3188; x_wconf 78' lang='lat' dir='ltr'><strong>pulchre</strong></span> <span class='ocrx_word' id='word_1_190' title='bbox 858 3102 1047 3168; x_wconf 87' lang='lat' dir='ltr'><strong>conveniret.</strong></span> 
     </span>
    </p>
   </div>
   <div class='ocr_carea' id='block_1_6' title="bbox 550 3213 620 3270">
    <p class='ocr_par' dir='ltr' id='par_1_12' title="bbox 550 3213 620 3270">
     <span class='ocr_line' id='line_1_32' title="bbox 550 3213 620 3270; baseline 0 0"><span class='ocrx_word' id='word_1_191' title='bbox 550 3213 620 3270; x_wconf 81' lang='lat'><strong>108.</strong></span> 
     </span>
    </p>
   </div>
   <div class='ocr_carea' id='block_1_7' title="bbox 101 3303 1111 3559">
    <p class='ocr_par' dir='ltr' id='par_1_13' title="bbox 101 3267 1181 3559">
     <span class='ocr_line' id='line_1_33' title="bbox 143 3303 1111 3390; baseline 0.002 -20"><span class='ocrx_word' id='word_1_192' title='bbox 143 3305 291 3370; x_wconf 79' lang='lat' dir='ltr'><strong>Philistaei</strong></span> <span class='ocrx_word' id='word_1_193' title='bbox 307 3305 339 3370; x_wconf 88' lang='lat' dir='ltr'><strong>in</strong></span> <span class='ocrx_word' id='word_1_194' title='bbox 350 3327 457 3390; x_wconf 89' lang='lat' dir='ltr'><strong>agrum</strong></span> <span class='ocrx_word' id='word_1_195' title='bbox 468 3307 671 3370; x_wconf 86' lang='lat' dir='ltr'><strong>Hebraeorum</strong></span> <span class='ocrx_word' id='word_1_196' title='bbox 685 3306 883 3390; x_wconf 90' lang='lat' dir='ltr'><strong>irruptionem</strong></span> <span class='ocrx_word' id='word_1_197' title='bbox 898 3303 1048 3370; x_wconf 87' lang='lat' dir='ltr'><strong>fecemnt.</strong></span> <span class='ocrx_word' id='word_1_198' title='bbox 1109 3360 1111 3370; x_wconf 93' lang='lat'><strong>.</strong></span> 
     </span>
     <span class='ocr_line' id='line_1_34' title="bbox 143 3388 1048 3474; baseline -0.01 -14"><span class='ocrx_word' id='word_1_199' title='bbox 143 3391 346 3474; x_wconf 71' lang='lat' dir='ltr'><strong>Quapropter</strong></span> <span class='ocrx_word' id='word_1_200' title='bbox 376 3391 451 3454; x_wconf 81' lang='lat' dir='ltr'><strong>Salii</strong></span> <span class='ocrx_word' id='word_1_201' title='bbox 480 3391 626 3456; x_wconf 86' lang='lat' dir='ltr'><strong>adversus</strong></span> <span class='ocrx_word' id='word_1_202' title='bbox 645 3389 716 3453; x_wconf 89' lang='lat' dir='ltr'><strong>illos</strong></span> <span class='ocrx_word' id='word_1_203' title='bbox 743 3388 904 3472; x_wconf 85' lang='lat' dir='ltr'><strong>processit,</strong></span> <span class='ocrx_word' id='word_1_204' title='bbox 918 3401 951 3453; x_wconf 91' lang='lat' dir='ltr'><strong>et</strong></span> <span class='ocrx_word' id='word_1_205' title='bbox 965 3390 1048 3472; x_wconf 87' lang='lat' dir='ltr'><strong>apud</strong></span> 
     </span>
     <span class='ocr_line' id='line_1_35' title="bbox 101 3473 1065 3559; baseline -0.004 -19"><span class='ocrx_word' id='word_1_206' title='bbox 101 3474 244 3559; x_wconf 82' lang='lat' dir='ltr'><strong>Galgnla,</strong></span> <span class='ocrx_word' id='word_1_207' title='bbox 257 3475 366 3540; x_wconf 90' lang='lat' dir='ltr'><strong>urbem</strong></span> <span class='ocrx_word' id='word_1_208' title='bbox 383 3476 535 3559; x_wconf 86' lang='lat' dir='ltr'><strong>insignem</strong></span> <span class='ocrx_word' id='word_1_209' title='bbox 557 3474 643 3537; x_wconf 90' lang='lat' dir='ltr'><strong>istius</strong></span> <span class='ocrx_word' id='word_1_210' title='bbox 665 3473 808 3558; x_wconf 81' lang='lat' dir='ltr'><strong>regionis,</strong></span> <span class='ocrx_word' id='word_1_211' title='bbox 821 3483 922 3536; x_wconf 84' lang='lat' dir='ltr'><strong>eastra</strong></span> <span class='ocrx_word' id='word_1_212' title='bbox 936 3473 1048 3557; x_wconf 90' lang='lat' dir='ltr'><strong>posuit.</strong></span> <span class='ocrx_word' id='word_1_213' title='bbox 1064 3497 1065 3504; x_wconf 48' lang='lat'>¹</span> 
     </span>
    </p>
   </div>
   <div class='ocr_carea' id='block_1_8' title="bbox 0 0 1198 3822">
    <p class='ocr_par' dir='ltr' id='par_1_14' title="bbox 0 0 1198 3822">
     <span class='ocr_line' id='line_1_36' title="bbox 0 0 1198 3822; baseline 0 0"><span class='ocrx_word' id='word_1_214' title='bbox 0 0 1198 3822; x_wconf 95' lang='lat' dir='ltr'><strong> </strong></span> 
     </span>
    </p>
   </div>
  </div>
 </body>
</html>
