<?xml version="1.0" encoding="UTF-8"?>
<!DOCTYPE html PUBLIC "-//W3C//DTD XHTML 1.0 Transitional//EN"
    "http://www.w3.org/TR/xhtml1/DTD/xhtml1-transitional.dtd">
<html xmlns="http://www.w3.org/1999/xhtml" xml:lang="en" lang="en">
 <head>
  <title>
</title>
<meta http-equiv="Content-Type" content="text/html;charset=utf-8" />
  <meta name='ocr-system' content='tesseract 3.04.00' />
  <meta name='ocr-capabilities' content='ocr_page ocr_carea ocr_par ocr_line ocrx_word'/>
</head>
<body>
  <div class='ocr_page' id='page_1' title='image "./liberprimusoraf02danagoog_0054.png"; bbox 0 0 2386 3822; ppageno 0'>
   <div class='ocr_carea' id='block_1_1' title="bbox 558 161 607 232">
    <p class='ocr_par' dir='ltr' id='par_1_1' title="bbox 558 161 607 232">
     <span class='ocr_line' id='line_1_1' title="bbox 558 161 607 232; baseline 0 0"><span class='ocrx_word' id='word_1_1' title='bbox 558 161 607 232; x_wconf 78' lang='lat' dir='ltr'><strong>tu</strong></span> 
     </span>
    </p>
   </div>
   <div class='ocr_carea' id='block_1_2' title="bbox 115 341 1074 933">
    <p class='ocr_par' dir='ltr' id='par_1_2' title="bbox 115 341 1074 592">
     <span class='ocr_line' id='line_1_2' title="bbox 115 341 1074 426; baseline 0.003 -23"><span class='ocrx_word' id='word_1_2' title='bbox 115 343 324 416; x_wconf 81' lang='lat' dir='ltr'><strong>tam‚soi1ieet</strong></span> <span class='ocrx_word' id='word_1_3' title='bbox 345 353 379 406; x_wconf 92' lang='lat' dir='ltr'><strong>ut</strong></span> <span class='ocrx_word' id='word_1_4' title='bbox 400 363 440 406; x_wconf 90' lang='lat' dir='ltr'><strong>ne</strong></span> <span class='ocrx_word' id='word_1_5' title='bbox 461 363 511 405; x_wconf 88' lang='lat' dir='ltr'><strong>me</strong></span> <span class='ocrx_word' id='word_1_6' title='bbox 525 341 658 426; x_wconf 77' lang='lat' dir='ltr'><strong>sepelias</strong></span> <span class='ocrx_word' id='word_1_7' title='bbox 673 343 705 405; x_wconf 90' lang='lat' dir='ltr'><strong>iu</strong></span> <span class='ocrx_word' id='word_1_8' title='bbox 719 341 865 425; x_wconf 80' lang='lat' dir='ltr'><strong>AEgypto,</strong></span> <span class='ocrx_word' id='word_1_9' title='bbox 880 344 935 406; x_wconf 90' lang='lat' dir='ltr'><strong>sed</strong></span> <span class='ocrx_word' id='word_1_10' title='bbox 948 363 1074 426; x_wconf 82' lang='lat' dir='ltr'><strong>eorpus</strong></span> 
     </span>
     <span class='ocr_line' id='line_1_3' title="bbox 115 426 1074 521; baseline 0.002 -33"><span class='ocrx_word' id='word_1_11' title='bbox 115 445 218 521; x_wconf 78' lang='lat' dir='ltr'><strong>meum</strong></span> <span class='ocrx_word' id='word_1_12' title='bbox 233 426 395 490; x_wconf 70' lang='lat' dir='ltr'>transferas</span> <span class='ocrx_word' id='word_1_13' title='bbox 409 447 448 490; x_wconf 79' lang='lat' dir='ltr'><strong>ex</strong></span> <span class='ocrx_word' id='word_1_14' title='bbox 464 427 522 490; x_wconf 79' lang='lat' dir='ltr'><strong>nto</strong></span> <span class='ocrx_word' id='word_1_15' title='bbox 537 428 674 511; x_wconf 76' lang='lat' dir='ltr'><strong>regione,</strong></span> <span class='ocrx_word' id='word_1_16' title='bbox 688 439 721 492; x_wconf 86' lang='lat' dir='ltr'><strong>ot</strong></span> <span class='ocrx_word' id='word_1_17' title='bbox 733 427 851 490; x_wconf 82' lang='lat' dir='ltr'><strong>condus</strong></span> <span class='ocrx_word' id='word_1_18' title='bbox 866 428 897 490; x_wconf 90' lang='lat' dir='ltr'><strong>iu</strong></span> <span class='ocrx_word' id='word_1_19' title='bbox 917 428 1074 510; x_wconf 77' lang='lat' dir='ltr'><strong>sepulcro</strong></span> 
     </span>
     <span class='ocr_line' id='line_1_4' title="bbox 115 529 427 592; baseline 0.016 -22"><span class='ocrx_word' id='word_1_20' title='bbox 115 529 264 592; x_wconf 68' lang='lat' dir='ltr'><strong>majorum</strong></span> <span class='ocrx_word' id='word_1_21' title='bbox 278 531 427 574; x_wconf 81' lang='lat' dir='ltr'><strong>meorum.</strong></span> 
     </span>
    </p>

    <p class='ocr_par' dir='ltr' id='par_1_3' title="bbox 158 593 1046 678">
     <span class='ocr_line' id='line_1_5' title="bbox 158 593 1046 678; baseline 0.002 -22"><span class='ocrx_word' id='word_1_22' title='bbox 158 593 309 678; x_wconf 85' lang='lat' dir='ltr'><strong>Josephus</strong></span> <span class='ocrx_word' id='word_1_23' title='bbox 323 606 427 659; x_wconf 82' lang='lat' dir='ltr'><strong>autem</strong></span> <span class='ocrx_word' id='word_1_24' title='bbox 442 617 450 657; x_wconf 77' lang='lat' dir='ltr'><strong>r</strong></span> <span class='ocrx_word' id='word_1_25' title='bbox 472 595 594 670; x_wconf 73' lang='lat' dir='ltr'><strong>facium,</strong></span> <span class='ocrx_word' id='word_1_26' title='bbox 609 595 717 676; x_wconf 89' lang='lat' dir='ltr'><strong>inquit,</strong></span> <span class='ocrx_word' id='word_1_27' title='bbox 732 595 816 676; x_wconf 90' lang='lat' dir='ltr'><strong>quod</strong></span> <span class='ocrx_word' id='word_1_28' title='bbox 827 595 927 678; x_wconf 85' lang='lat' dir='ltr'><strong>jubes,</strong></span> <span class='ocrx_word' id='word_1_29' title='bbox 942 605 1046 678; x_wconf 79' lang='lat' dir='ltr'><strong>pater.</strong></span> 
     </span>
    </p>

    <p class='ocr_par' dir='ltr' id='par_1_4' title="bbox 119 678 1072 828">
     <span class='ocr_line' id='line_1_6' title="bbox 158 678 1072 763; baseline 0.001 -22"><span class='ocrx_word' id='word_1_30' title='bbox 158 678 232 742; x_wconf 86' lang='lat' dir='ltr'><strong>Jura</strong></span> <span class='ocrx_word' id='word_1_31' title='bbox 255 701 330 763; x_wconf 87' lang='lat' dir='ltr'><strong>ergo</strong></span> <span class='ocrx_word' id='word_1_32' title='bbox 352 680 436 758; x_wconf 88' lang='lat' dir='ltr'><strong>mihi,</strong></span> <span class='ocrx_word' id='word_1_33' title='bbox 460 680 505 743; x_wconf 80' lang='lat' dir='ltr'><strong>nit</strong></span> <span class='ocrx_word' id='word_1_34' title='bbox 527 679 673 756; x_wconf 84' lang='lat' dir='ltr'><strong>Jacobus,</strong></span> <span class='ocrx_word' id='word_1_35' title='bbox 697 689 728 742; x_wconf 86' lang='lat' dir='ltr'><strong>te</strong></span> <span class='ocrx_word' id='word_1_36' title='bbox 750 678 835 742; x_wconf 85' lang='lat' dir='ltr'><strong>oertd</strong></span> <span class='ocrx_word' id='word_1_37' title='bbox 856 680 890 743; x_wconf 93' lang='lat' dir='ltr'><strong>id</strong></span> <span class='ocrx_word' id='word_1_38' title='bbox 912 679 1072 742; x_wconf 73' lang='lat' dir='ltr'><strong>facturum</strong></span> 
     </span>
     <span class='ocr_line' id='line_1_7' title="bbox 119 784 198 828; baseline -0.063 0"><span class='ocrx_word' id='word_1_39' title='bbox 119 784 198 828; x_wconf 84' lang='lat' dir='ltr'><strong>esse.</strong></span> 
     </span>
    </p>

    <p class='ocr_par' dir='ltr' id='par_1_5' title="bbox 159 847 705 933">
     <span class='ocr_line' id='line_1_8' title="bbox 159 847 705 933; baseline -0.005 -23"><span class='ocrx_word' id='word_1_40' title='bbox 159 847 310 930; x_wconf 85' lang='lat' dir='ltr'><strong>Josephus</strong></span> <span class='ocrx_word' id='word_1_41' title='bbox 320 848 433 933; x_wconf 83' lang='lat' dir='ltr'><strong>juravit</strong></span> <span class='ocrx_word' id='word_1_42' title='bbox 446 847 478 910; x_wconf 91' lang='lat' dir='ltr'><strong>in</strong></span> <span class='ocrx_word' id='word_1_43' title='bbox 492 848 586 912; x_wconf 83' lang='lat' dir='ltr'><strong>verba</strong></span> <span class='ocrx_word' id='word_1_44' title='bbox 600 847 705 932; x_wconf 79' lang='lat' dir='ltr'><strong>putris.</strong></span> 
     </span>
    </p>
   </div>
   <div class='ocr_carea' id='block_1_3' title="bbox 160 971 1070 1171">
    <p class='ocr_par' dir='ltr' id='par_1_6' title="bbox 160 971 1070 1171">
     <span class='ocr_line' id='line_1_9' title="bbox 563 971 615 1028; baseline 0 0"><span class='ocrx_word' id='word_1_45' title='bbox 563 971 615 1028; x_wconf 80' lang='lat'><strong>77.</strong></span> 
     </span>
     <span class='ocr_line' id='line_1_10' title="bbox 160 1086 1070 1171; baseline 0.003 -22"><span class='ocrx_word' id='word_1_46' title='bbox 160 1086 312 1169; x_wconf 87' lang='lat' dir='ltr'><strong>Josephus</strong></span> <span class='ocrx_word' id='word_1_47' title='bbox 340 1088 467 1151; x_wconf 85' lang='lat' dir='ltr'><strong>adduxit</strong></span> <span class='ocrx_word' id='word_1_48' title='bbox 489 1088 529 1151; x_wconf 84' lang='lat' dir='ltr'><strong>od</strong></span> <span class='ocrx_word' id='word_1_49' title='bbox 553 1097 672 1171; x_wconf 80' lang='lat' dir='ltr'><strong>putrem</strong></span> <span class='ocrx_word' id='word_1_50' title='bbox 692 1088 771 1150; x_wconf 90' lang='lat' dir='ltr'><strong>duos</strong></span> <span class='ocrx_word' id='word_1_51' title='bbox 792 1086 871 1150; x_wconf 86' lang='lat' dir='ltr'><strong>iiiios</strong></span> <span class='ocrx_word' id='word_1_52' title='bbox 892 1107 972 1164; x_wconf 88' lang='lat' dir='ltr'><strong>suos,</strong></span> <span class='ocrx_word' id='word_1_53' title='bbox 994 1089 1070 1152; x_wconf 88' lang='lat' dir='ltr'><strong>Ma-</strong></span> 
     </span>
    </p>
   </div>
   <div class='ocr_carea' id='block_1_4' title="bbox 118 1171 1163 1254">
    <p class='ocr_par' dir='ltr' id='par_1_7' title="bbox 118 1171 1163 1254">
     <span class='ocr_line' id='line_1_11' title="bbox 118 1171 1163 1254; baseline 0.005 -22"><span class='ocrx_word' id='word_1_54' title='bbox 118 1191 239 1233; x_wconf 82' lang='lat' dir='ltr'><strong>nassem</strong></span> <span class='ocrx_word' id='word_1_55' title='bbox 274 1180 308 1234; x_wconf 88' lang='lat' dir='ltr'><strong>et</strong></span> <span class='ocrx_word' id='word_1_56' title='bbox 329 1171 544 1252; x_wconf 85' lang='lat' dir='ltr'><strong>Ephraimum:</strong></span> <span class='ocrx_word' id='word_1_57' title='bbox 576 1173 677 1254; x_wconf 88' lang='lat' dir='ltr'><strong>posuit</strong></span> <span class='ocrx_word' id='word_1_58' title='bbox 700 1171 886 1248; x_wconf 76' lang='lat' dir='ltr'><strong>Manassen,</strong></span> <span class='ocrx_word' id='word_1_59' title='bbox 908 1172 961 1252; x_wconf 93' lang='lat' dir='ltr'><strong>qui</strong></span> <span class='ocrx_word' id='word_1_60' title='bbox 988 1186 1069 1236; x_wconf 85' lang='lat' dir='ltr'><strong>natu</strong></span> <span class='ocrx_word' id='word_1_61' title='bbox 1162 1223 1163 1228; x_wconf 18' lang='grc' dir='ltr'>η</span> 
     </span>
    </p>
   </div>
   <div class='ocr_carea' id='block_1_5' title="bbox 118 1254 1163 1928">
    <p class='ocr_par' dir='ltr' id='par_1_8' title="bbox 118 1254 1163 1424">
     <span class='ocr_line' id='line_1_12' title="bbox 118 1254 1163 1340; baseline 0.007 -25"><span class='ocrx_word' id='word_1_62' title='bbox 118 1254 214 1338; x_wconf 80' lang='lat' dir='ltr'><strong>major</strong></span> <span class='ocrx_word' id='word_1_63' title='bbox 228 1266 303 1332; x_wconf 81' lang='lat' dir='ltr'><strong>erat,</strong></span> <span class='ocrx_word' id='word_1_64' title='bbox 326 1257 365 1319; x_wconf 81' lang='lat' dir='ltr'><strong>ad</strong></span> <span class='ocrx_word' id='word_1_65' title='bbox 388 1256 527 1319; x_wconf 83' lang='lat' dir='ltr'><strong>dextram</strong></span> <span class='ocrx_word' id='word_1_66' title='bbox 545 1255 635 1333; x_wconf 86' lang='lat' dir='ltr'><strong>senis,</strong></span> <span class='ocrx_word' id='word_1_67' title='bbox 650 1255 849 1340; x_wconf 86' lang='lat' dir='ltr'><strong>Ephraimum</strong></span> <span class='ocrx_word' id='word_1_68' title='bbox 872 1257 943 1318; x_wconf 81' lang='lat' dir='ltr'><strong>vero</strong></span> <span class='ocrx_word' id='word_1_69' title='bbox 964 1257 1069 1320; x_wconf 92' lang='lat' dir='ltr'><strong>mino·</strong></span> <span class='ocrx_word' id='word_1_70' title='bbox 1162 1319 1163 1322; x_wconf 74' lang='grc'>,</span> 
     </span>
     <span class='ocr_line' id='line_1_13' title="bbox 119 1340 494 1424; baseline 0.003 -24"><span class='ocrx_word' id='word_1_71' title='bbox 119 1359 184 1400; x_wconf 90' lang='lat' dir='ltr'><strong>rem</strong></span> <span class='ocrx_word' id='word_1_72' title='bbox 198 1340 238 1403; x_wconf 86' lang='lat' dir='ltr'><strong>ad</strong></span> <span class='ocrx_word' id='word_1_73' title='bbox 253 1340 404 1403; x_wconf 81' lang='lat' dir='ltr'><strong>sinistrum</strong></span> <span class='ocrx_word' id='word_1_74' title='bbox 418 1340 494 1424; x_wconf 85' lang='lat' dir='ltr'><strong>ejus.</strong></span> 
     </span>
    </p>

    <p class='ocr_par' dir='ltr' id='par_1_9' title="bbox 119 1421 1069 1676">
     <span class='ocr_line' id='line_1_14' title="bbox 161 1421 1069 1508; baseline 0.002 -23"><span class='ocrx_word' id='word_1_75' title='bbox 161 1423 205 1486; x_wconf 90' lang='lat' dir='ltr'><strong>At</strong></span> <span class='ocrx_word' id='word_1_76' title='bbox 233 1424 379 1502; x_wconf 75' lang='lat' dir='ltr'><strong>Jacobm,</strong></span> <span class='ocrx_word' id='word_1_77' title='bbox 409 1425 577 1488; x_wconf 79' lang='lat' dir='ltr'><strong>deorumne</strong></span> <span class='ocrx_word' id='word_1_78' title='bbox 604 1443 722 1500; x_wconf 83' lang='lat' dir='ltr'><strong>manus,</strong></span> <span class='ocrx_word' id='word_1_79' title='bbox 750 1421 888 1488; x_wconf 78' lang='lat' dir='ltr'><strong>dextram</strong></span> <span class='ocrx_word' id='word_1_80' title='bbox 920 1423 1069 1508; x_wconf 83' lang='lat' dir='ltr'>imposuit</span> 
     </span>
     <span class='ocr_line' id='line_1_15' title="bbox 120 1506 1067 1590; baseline 0.004 -22"><span class='ocrx_word' id='word_1_81' title='bbox 120 1506 295 1589; x_wconf 68' lang='lat' dir='ltr'><strong>Ephraim,</strong></span> <span class='ocrx_word' id='word_1_82' title='bbox 317 1510 467 1573; x_wconf 80' lang='lat' dir='ltr'><strong>sinistrum</strong></span> <span class='ocrx_word' id='word_1_83' title='bbox 491 1518 594 1574; x_wconf 80' lang='lat' dir='ltr'><strong>nutem</strong></span> <span class='ocrx_word' id='word_1_84' title='bbox 618 1508 765 1586; x_wconf 82' lang='lat' dir='ltr'><strong>Mmrussi,</strong></span> <span class='ocrx_word' id='word_1_85' title='bbox 779 1516 812 1571; x_wconf 87' lang='lat' dir='ltr'><strong>et</strong></span> <span class='ocrx_word' id='word_1_86' title='bbox 833 1508 953 1590; x_wconf 89' lang='lat' dir='ltr'><strong>utrique</strong></span> <span class='ocrx_word' id='word_1_87' title='bbox 974 1509 1067 1572; x_wconf 89' lang='lat' dir='ltr'><strong>simul</strong></span> 
     </span>
     <span class='ocr_line' id='line_1_16' title="bbox 119 1590 428 1676; baseline 0.006 -24"><span class='ocrx_word' id='word_1_88' title='bbox 119 1590 200 1656; x_wconf 87' lang='lat' dir='ltr'><strong>bene</strong></span> <span class='ocrx_word' id='word_1_89' title='bbox 216 1605 358 1676; x_wconf 78' lang='lat' dir='ltr'>precatus</span> <span class='ocrx_word' id='word_1_90' title='bbox 372 1603 428 1657; x_wconf 87' lang='lat' dir='ltr'><strong>est.</strong></span> 
     </span>
    </p>

    <p class='ocr_par' dir='ltr' id='par_1_10' title="bbox 121 1673 1069 1844">
     <span class='ocr_line' id='line_1_17' title="bbox 162 1673 1069 1762; baseline -0.003 -18"><span class='ocrx_word' id='word_1_91' title='bbox 162 1676 258 1744; x_wconf 76' lang='lat' dir='ltr'><strong>Quod</strong></span> <span class='ocrx_word' id='word_1_92' title='bbox 277 1677 429 1761; x_wconf 88' lang='lat' dir='ltr'><strong>Josephus</strong></span> <span class='ocrx_word' id='word_1_93' title='bbox 454 1676 698 1740; x_wconf 79' lang='lat' dir='ltr'><strong>animadvertens</strong></span> <span class='ocrx_word' id='word_1_94' title='bbox 719 1697 803 1762; x_wconf 81' lang='lat' dir='ltr'><strong>oegre</strong></span> <span class='ocrx_word' id='word_1_95' title='bbox 823 1673 903 1755; x_wconf 82' lang='lat' dir='ltr'><strong>tulit,</strong></span> <span class='ocrx_word' id='word_1_96' title='bbox 926 1689 958 1741; x_wconf 88' lang='lat' dir='ltr'><strong>et</strong></span> <span class='ocrx_word' id='word_1_97' title='bbox 971 1697 1069 1742; x_wconf 80' lang='lat' dir='ltr'><strong>cona-</strong></span> 
     </span>
     <span class='ocr_line' id='line_1_18' title="bbox 121 1761 673 1844; baseline 0 -22"><span class='ocrx_word' id='word_1_98' title='bbox 121 1771 170 1822; x_wconf 86' lang='lat' dir='ltr'><strong>tus</strong></span> <span class='ocrx_word' id='word_1_99' title='bbox 184 1772 231 1824; x_wconf 88' lang='lat' dir='ltr'><strong>est</strong></span> <span class='ocrx_word' id='word_1_100' title='bbox 244 1783 352 1824; x_wconf 78' lang='lat' dir='ltr'><strong>munus</strong></span> <span class='ocrx_word' id='word_1_101' title='bbox 367 1761 462 1844; x_wconf 79' lang='lat' dir='ltr'><strong>patris·</strong></span> <span class='ocrx_word' id='word_1_102' title='bbox 474 1771 673 1824; x_wconf 80' lang='lat' dir='ltr'><strong>commutare.</strong></span> 
     </span>
    </p>

    <p class='ocr_par' dir='ltr' id='par_1_11' title="bbox 165 1844 1068 1928">
     <span class='ocr_line' id='line_1_19' title="bbox 165 1844 1068 1928; baseline 0.001 -21"><span class='ocrx_word' id='word_1_103' title='bbox 165 1845 207 1907; x_wconf 87' lang='lat' dir='ltr'><strong>At</strong></span> <span class='ocrx_word' id='word_1_104' title='bbox 228 1855 316 1928; x_wconf 85' lang='lat' dir='ltr'><strong>puter</strong></span> <span class='ocrx_word' id='word_1_105' title='bbox 337 1845 456 1922; x_wconf 83' lang='lat' dir='ltr'><strong>restitit,</strong></span> <span class='ocrx_word' id='word_1_106' title='bbox 485 1845 621 1927; x_wconf 84' lang='lat' dir='ltr'><strong>dixitque</strong></span> <span class='ocrx_word' id='word_1_107' title='bbox 650 1844 807 1928; x_wconf 83' lang='lat' dir='ltr'><strong>Josepho:</strong></span> <span class='ocrx_word' id='word_1_108' title='bbox 842 1845 916 1924; x_wconf 85' lang='lat' dir='ltr'><strong>scio,</strong></span> <span class='ocrx_word' id='word_1_109' title='bbox 945 1845 988 1910; x_wconf 87' lang='lat' dir='ltr'><strong>fili</strong></span> <span class='ocrx_word' id='word_1_110' title='bbox 1013 1847 1068 1922; x_wconf 90' lang='lat' dir='ltr'><strong>mi,</strong></span> 
     </span>
    </p>
   </div>
   <div class='ocr_carea' id='block_1_6' title="bbox 28 1928 1069 2014">
    <p class='ocr_par' dir='ltr' id='par_1_12' title="bbox 28 1928 1069 2014">
     <span class='ocr_line' id='line_1_20' title="bbox 28 1928 1069 2014; baseline 0.009 -28"><span class='ocrx_word' id='word_1_111' title='bbox 28 1981 30 1986; x_wconf 83' lang='lat'><em>.</em></span> <span class='ocrx_word' id='word_1_112' title='bbox 121 1928 187 1992; x_wconf 87' lang='lat' dir='ltr'><strong>scio</strong></span> <span class='ocrx_word' id='word_1_113' title='bbox 209 1929 290 1992; x_wconf 86' lang='lat' dir='ltr'><strong>huno</strong></span> <span class='ocrx_word' id='word_1_114' title='bbox 313 1949 379 1993; x_wconf 85' lang='lat' dir='ltr'><strong>esse</strong></span> <span class='ocrx_word' id='word_1_115' title='bbox 404 1928 551 2014; x_wconf 85' lang='lat' dir='ltr'><strong>majorem</strong></span> <span class='ocrx_word' id='word_1_116' title='bbox 572 1939 656 2007; x_wconf 85' lang='lat' dir='ltr'><strong>natu,</strong></span> <span class='ocrx_word' id='word_1_117' title='bbox 678 1941 711 1994; x_wconf 87' lang='lat' dir='ltr'><strong>et</strong></span> <span class='ocrx_word' id='word_1_118' title='bbox 731 1929 818 1994; x_wconf 90' lang='lat' dir='ltr'><strong>illurn</strong></span> <span class='ocrx_word' id='word_1_119' title='bbox 837 1931 1008 1994; x_wconf 87' lang='lat' dir='ltr'><strong>minorem:</strong></span> <span class='ocrx_word' id='word_1_120' title='bbox 1034 1931 1069 1996; x_wconf 94' lang='lat' dir='ltr'><strong>id</strong></span> 
     </span>
    </p>
   </div>
   <div class='ocr_carea' id='block_1_7' title="bbox 122 2013 924 2185">
    <p class='ocr_par' dir='ltr' id='par_1_13' title="bbox 122 2013 924 2185">
     <span class='ocr_line' id='line_1_21' title="bbox 122 2013 341 2097; baseline -0.005 -20"><span class='ocrx_word' id='word_1_121' title='bbox 122 2015 255 2097; x_wconf 87' lang='lat' dir='ltr'><strong>prudeus</strong></span> <span class='ocrx_word' id='word_1_122' title='bbox 270 2013 341 2078; x_wconf 85' lang='lat' dir='ltr'><strong>feci.</strong></span> 
     </span>
     <span class='ocr_line' id='line_1_22' title="bbox 163 2095 924 2185; baseline -0.001 -23"><span class='ocrx_word' id='word_1_123' title='bbox 163 2099 212 2163; x_wconf 88' lang='lat' dir='ltr'><strong>Ita</strong></span> <span class='ocrx_word' id='word_1_124' title='bbox 225 2099 242 2164; x_wconf 89' lang='lat' dir='ltr'>J</span> <span class='ocrx_word' id='word_1_125' title='bbox 245 2099 361 2162; x_wconf 85' lang='lat' dir='ltr'><strong>acobus</strong></span> <span class='ocrx_word' id='word_1_126' title='bbox 375 2095 575 2182; x_wconf 83' lang='lat' dir='ltr'><strong>Ephraimum</strong></span> <span class='ocrx_word' id='word_1_127' title='bbox 588 2097 725 2162; x_wconf 82' lang='lat' dir='ltr'><strong>Manassi</strong></span> <span class='ocrx_word' id='word_1_128' title='bbox 740 2099 924 2185; x_wconf 84' lang='lat' dir='ltr'><strong>anteposuit.</strong></span> 
     </span>
    </p>
   </div>
   <div class='ocr_carea' id='block_1_8' title="bbox 547 2237 598 2296">
    <p class='ocr_par' dir='ltr' id='par_1_14' title="bbox 547 2237 598 2296">
     <span class='ocr_line' id='line_1_23' title="bbox 547 2237 598 2296; baseline 0 0"><span class='ocrx_word' id='word_1_129' title='bbox 547 2237 598 2296; x_wconf 78' lang='lat'><strong>78.</strong></span> 
     </span>
    </p>
   </div>
   <div class='ocr_carea' id='block_1_9' title="bbox 123 2341 1068 2520">
    <p class='ocr_par' dir='ltr' id='par_1_15' title="bbox 123 2341 1068 2520">
     <span class='ocr_line' id='line_1_24' title="bbox 164 2341 1068 2439; baseline -0.003 -17"><span class='ocrx_word' id='word_1_130' title='bbox 164 2357 207 2422; x_wconf 89' lang='lat' dir='ltr'><strong>Ut</strong></span> <span class='ocrx_word' id='word_1_131' title='bbox 221 2341 298 2419; x_wconf 91' lang='lat' dir='ltr'><strong>vidit</strong></span> <span class='ocrx_word' id='word_1_132' title='bbox 320 2353 473 2438; x_wconf 87' lang='lat' dir='ltr'><strong>Josephus</strong></span> <span class='ocrx_word' id='word_1_133' title='bbox 486 2353 656 2418; x_wconf 87' lang='lat' dir='ltr'><strong>extinctum</strong></span> <span class='ocrx_word' id='word_1_134' title='bbox 676 2364 803 2437; x_wconf 86' lang='lat' dir='ltr'><strong>patrem,</strong></span> <span class='ocrx_word' id='word_1_135' title='bbox 817 2354 878 2419; x_wconf 90' lang='lat' dir='ltr'><strong>ruit</strong></span> <span class='ocrx_word' id='word_1_136' title='bbox 890 2375 981 2439; x_wconf 86' lang='lat' dir='ltr'><strong>super</strong></span> <span class='ocrx_word' id='word_1_137' title='bbox 994 2377 1068 2420; x_wconf 90' lang='lat' dir='ltr'><strong>eum</strong></span> 
     </span>
     <span class='ocr_line' id='line_1_25' title="bbox 123 2438 923 2520; baseline -0.005 -14"><span class='ocrx_word' id='word_1_138' title='bbox 123 2443 219 2506; x_wconf 86' lang='lat' dir='ltr'><strong>flens:</strong></span> <span class='ocrx_word' id='word_1_139' title='bbox 239 2452 272 2505; x_wconf 88' lang='lat' dir='ltr'><strong>et</strong></span> <span class='ocrx_word' id='word_1_140' title='bbox 286 2438 442 2504; x_wconf 87' lang='lat' dir='ltr'><strong>osculatus</strong></span> <span class='ocrx_word' id='word_1_141' title='bbox 452 2449 500 2503; x_wconf 89' lang='lat' dir='ltr'><strong>est</strong></span> <span class='ocrx_word' id='word_1_142' title='bbox 512 2460 594 2516; x_wconf 88' lang='lat' dir='ltr'><strong>eum,</strong></span> <span class='ocrx_word' id='word_1_143' title='bbox 609 2439 745 2520; x_wconf 83' lang='lat' dir='ltr'><strong>luxitque</strong></span> <span class='ocrx_word' id='word_1_144' title='bbox 759 2438 845 2502; x_wconf 92' lang='lat' dir='ltr'><strong>illum</strong></span> <span class='ocrx_word' id='word_1_145' title='bbox 859 2439 923 2504; x_wconf 91' lang='lat' dir='ltr'><strong>diu.</strong></span> 
     </span>
    </p>
   </div>
   <div class='ocr_carea' id='block_1_10' title="bbox 123 2523 1165 3031">
    <p class='ocr_par' dir='ltr' id='par_1_16' title="bbox 124 2523 1165 2778">
     <span class='ocr_line' id='line_1_26' title="bbox 165 2523 1165 2606; baseline -0.001 -17"><span class='ocrx_word' id='word_1_146' title='bbox 165 2527 285 2590; x_wconf 88' lang='lat' dir='ltr'><strong>Deinde</strong></span> <span class='ocrx_word' id='word_1_147' title='bbox 329 2523 458 2606; x_wconf 82' lang='lat' dir='ltr'><strong>raeoepit</strong></span> <span class='ocrx_word' id='word_1_148' title='bbox 487 2523 616 2587; x_wconf 84' lang='lat' dir='ltr'><strong>medicis</strong></span> <span class='ocrx_word' id='word_1_149' title='bbox 640 2533 675 2585; x_wconf 86' lang='lat' dir='ltr'><strong>ut</strong></span> <span class='ocrx_word' id='word_1_150' title='bbox 702 2524 864 2589; x_wconf 85' lang='lat' dir='ltr'><strong>condirent</strong></span> <span class='ocrx_word' id='word_1_151' title='bbox 890 2544 1013 2606; x_wconf 85' lang='lat' dir='ltr'><strong>corpus,</strong></span> <span class='ocrx_word' id='word_1_152' title='bbox 1035 2534 1069 2588; x_wconf 83' lang='lat' dir='ltr'><strong>et</strong></span> <span class='ocrx_word' id='word_1_153' title='bbox 1164 2535 1165 2546; x_wconf 52' lang='lat'>³</span> 
     </span>
     <span class='ocr_line' id='line_1_27' title="bbox 124 2547 1165 2692; baseline -0.002 -19"><span class='ocrx_word' id='word_1_154' title='bbox 124 2609 188 2692; x_wconf 88' lang='lat' dir='ltr'><strong>ipse</strong></span> <span class='ocrx_word' id='word_1_155' title='bbox 210 2631 282 2672; x_wconf 87' lang='lat' dir='ltr'><strong>cum</strong></span> <span class='ocrx_word' id='word_1_156' title='bbox 304 2547 445 2672; x_wconf 67' lang='lat' dir='ltr'><strong>datribus</strong></span> <span class='ocrx_word' id='word_1_157' title='bbox 466 2605 631 2690; x_wconf 85' lang='lat' dir='ltr'><strong>multisque</strong></span> <span class='ocrx_word' id='word_1_158' title='bbox 648 2605 803 2692; x_wconf 79' lang='lat' dir='ltr'><strong>AEgyptiis</strong></span> <span class='ocrx_word' id='word_1_159' title='bbox 824 2619 943 2692; x_wconf 82' lang='lat' dir='ltr'><strong>putrem</strong></span> <span class='ocrx_word' id='word_1_160' title='bbox 956 2609 1069 2691; x_wconf 85' lang='lat' dir='ltr'><strong>dopur-</strong></span> <span class='ocrx_word' id='word_1_161' title='bbox 1164 2609 1165 2636; x_wconf 81' lang='lat'>³</span> 
     </span>
     <span class='ocr_line' id='line_1_28' title="bbox 124 2691 589 2778; baseline -0.006 -20"><span class='ocrx_word' id='word_1_162' title='bbox 124 2695 199 2758; x_wconf 81' lang='lat' dir='ltr'><strong>tavit</strong></span> <span class='ocrx_word' id='word_1_163' title='bbox 213 2693 243 2757; x_wconf 90' lang='lat' dir='ltr'><strong>in</strong></span> <span class='ocrx_word' id='word_1_164' title='bbox 258 2693 415 2778; x_wconf 85' lang='lat' dir='ltr'><strong>regionem</strong></span> <span class='ocrx_word' id='word_1_165' title='bbox 429 2691 589 2756; x_wconf 81' lang='lat' dir='ltr'><strong>Chauunn.</strong></span> 
     </span>
    </p>

    <p class='ocr_par' dir='ltr' id='par_1_17' title="bbox 123 2775 1070 3031">
     <span class='ocr_line' id='line_1_29' title="bbox 165 2775 1069 2860; baseline -0.003 -17"><span class='ocrx_word' id='word_1_166' title='bbox 165 2777 213 2843; x_wconf 88' lang='lat' dir='ltr'><strong>lbi</strong></span> <span class='ocrx_word' id='word_1_167' title='bbox 229 2777 318 2841; x_wconf 86' lang='lat' dir='ltr'><strong>funus</strong></span> <span class='ocrx_word' id='word_1_168' title='bbox 332 2775 473 2842; x_wconf 85' lang='lat' dir='ltr'><strong>iecerunt</strong></span> <span class='ocrx_word' id='word_1_169' title='bbox 493 2798 566 2842; x_wconf 85' lang='lat' dir='ltr'><strong>oum</strong></span> <span class='ocrx_word' id='word_1_170' title='bbox 587 2798 702 2860; x_wconf 81' lang='lat' dir='ltr'><strong>magno</strong></span> <span class='ocrx_word' id='word_1_171' title='bbox 723 2775 862 2860; x_wconf 84' lang='lat' dir='ltr'><strong>planctu,</strong></span> <span class='ocrx_word' id='word_1_172' title='bbox 882 2788 916 2842; x_wconf 81' lang='lat' dir='ltr'><strong>et</strong></span> <span class='ocrx_word' id='word_1_173' title='bbox 936 2775 1069 2859; x_wconf 78' lang='lat' dir='ltr'><strong>sepelie-</strong></span> 
     </span>
     <span class='ocr_line' id='line_1_30' title="bbox 123 2859 1070 2945; baseline -0.003 -16"><span class='ocrx_word' id='word_1_174' title='bbox 123 2873 194 2928; x_wconf 85' lang='lat' dir='ltr'><strong>nun</strong></span> <span class='ocrx_word' id='word_1_175' title='bbox 216 2883 327 2943; x_wconf 84' lang='lat' dir='ltr'><strong>corpus</strong></span> <span class='ocrx_word' id='word_1_176' title='bbox 349 2861 381 2924; x_wconf 89' lang='lat' dir='ltr'><strong>in</strong></span> <span class='ocrx_word' id='word_1_177' title='bbox 402 2859 560 2943; x_wconf 76' lang='lat' dir='ltr'><strong>spelunci,</strong></span> <span class='ocrx_word' id='word_1_178' title='bbox 580 2861 631 2924; x_wconf 94' lang='lat' dir='ltr'><strong>ubi</strong></span> <span class='ocrx_word' id='word_1_179' title='bbox 652 2861 802 2945; x_wconf 74' lang='lat' dir='ltr'><strong>jacebuut</strong></span> <span class='ocrx_word' id='word_1_180' title='bbox 822 2861 1015 2928; x_wconf 71' lang='lat' dir='ltr'><strong>Abrahamus</strong></span> <span class='ocrx_word' id='word_1_181' title='bbox 1035 2872 1070 2926; x_wconf 79' lang='lat' dir='ltr'><strong>et</strong></span> 
     </span>
     <span class='ocr_line' id='line_1_31' title="bbox 123 2943 772 3031; baseline -0.006 -19"><span class='ocrx_word' id='word_1_182' title='bbox 123 2949 259 3028; x_wconf 83' lang='lat' dir='ltr'><strong>Isaacus,</strong></span> <span class='ocrx_word' id='word_1_183' title='bbox 273 2945 445 3026; x_wconf 84' lang='lat' dir='ltr'><strong>reversique</strong></span> <span class='ocrx_word' id='word_1_184' title='bbox 459 2955 532 3009; x_wconf 86' lang='lat' dir='ltr'><strong>sunt</strong></span> <span class='ocrx_word' id='word_1_185' title='bbox 546 2945 578 3008; x_wconf 89' lang='lat' dir='ltr'><strong>in</strong></span> <span class='ocrx_word' id='word_1_186' title='bbox 593 2943 772 3031; x_wconf 81' lang='lat' dir='ltr'><strong>AEgyptum.</strong></span> 
     </span>
    </p>
   </div>
   <div class='ocr_carea' id='block_1_11' title="bbox 571 3089 622 3148">
    <p class='ocr_par' dir='ltr' id='par_1_18' title="bbox 571 3089 622 3148">
     <span class='ocr_line' id='line_1_32' title="bbox 571 3089 622 3148; baseline 0 -1"><span class='ocrx_word' id='word_1_187' title='bbox 571 3089 622 3148; x_wconf 82' lang='lat'><strong>79.</strong></span> 
     </span>
    </p>
   </div>
   <div class='ocr_carea' id='block_1_12' title="bbox 126 3206 1070 3443">
    <p class='ocr_par' dir='ltr' id='par_1_19' title="bbox 126 3206 1070 3443">
     <span class='ocr_line' id='line_1_33' title="bbox 166 3206 1068 3296; baseline 0.007 -25"><span class='ocrx_word' id='word_1_188' title='bbox 166 3207 319 3290; x_wconf 79' lang='lat' dir='ltr'><strong>Iosephus</strong></span> <span class='ocrx_word' id='word_1_189' title='bbox 346 3206 421 3272; x_wconf 78' lang='lat' dir='ltr'><strong>vixit</strong></span> <span class='ocrx_word' id='word_1_190' title='bbox 447 3227 544 3272; x_wconf 77' lang='lat' dir='ltr'><strong>armos</strong></span> <span class='ocrx_word' id='word_1_191' title='bbox 569 3218 695 3274; x_wconf 83' lang='lat' dir='ltr'><strong>centum</strong></span> <span class='ocrx_word' id='word_1_192' title='bbox 715 3221 749 3276; x_wconf 86' lang='lat' dir='ltr'><strong>et</strong></span> <span class='ocrx_word' id='word_1_193' title='bbox 768 3210 890 3290; x_wconf 82' lang='lat' dir='ltr'><strong>decem,</strong></span> <span class='ocrx_word' id='word_1_194' title='bbox 911 3229 1068 3296; x_wconf 86' lang='lat' dir='ltr'><strong>qumnque</strong></span> 
     </span>
     <span class='ocr_line' id='line_1_34' title="bbox 126 3291 1070 3374; baseline 0.007 -20"><span class='ocrx_word' id='word_1_195' title='bbox 126 3301 208 3354; x_wconf 84' lang='lat' dir='ltr'><strong>esset</strong></span> <span class='ocrx_word' id='word_1_196' title='bbox 220 3294 310 3355; x_wconf 88' lang='lat' dir='ltr'><strong>morti</strong></span> <span class='ocrx_word' id='word_1_197' title='bbox 325 3291 488 3374; x_wconf 86' lang='lat' dir='ltr'><strong>proximus,</strong></span> <span class='ocrx_word' id='word_1_198' title='bbox 501 3293 683 3360; x_wconf 76' lang='lat' dir='ltr'><strong>convocavit</strong></span> <span class='ocrx_word' id='word_1_199' title='bbox 707 3293 814 3360; x_wconf 69' lang='lat' dir='ltr'><strong>nunes</strong></span> <span class='ocrx_word' id='word_1_200' title='bbox 837 3315 919 3374; x_wconf 83' lang='lat' dir='ltr'><strong>suos,</strong></span> <span class='ocrx_word' id='word_1_201' title='bbox 942 3307 976 3360; x_wconf 92' lang='lat' dir='ltr'><strong>et</strong></span> <span class='ocrx_word' id='word_1_202' title='bbox 999 3297 1070 3362; x_wconf 88' lang='lat' dir='ltr'><strong>illos</strong></span> 
     </span>
     <span class='ocr_line' id='line_1_35' title="bbox 127 3374 710 3443; baseline 0.009 -7"><span class='ocrx_word' id='word_1_203' title='bbox 127 3374 286 3436; x_wconf 81' lang='lat' dir='ltr'><strong>admonuit</strong></span> <span class='ocrx_word' id='word_1_204' title='bbox 299 3397 331 3438; x_wconf 84' lang='lat' dir='ltr'><strong>se</strong></span> <span class='ocrx_word' id='word_1_205' title='bbox 345 3375 427 3438; x_wconf 85' lang='lat' dir='ltr'><strong>brevi</strong></span> <span class='ocrx_word' id='word_1_206' title='bbox 441 3375 619 3440; x_wconf 88' lang='lat' dir='ltr'><strong>moriturum</strong></span> <span class='ocrx_word' id='word_1_207' title='bbox 633 3397 710 3443; x_wconf 84' lang='lat' dir='ltr'><strong>osse.</strong></span> 
     </span>
    </p>
   </div>
   <div class='ocr_carea' id='block_1_13' title="bbox 171 3457 1070 3543">
    <p class='ocr_par' dir='ltr' id='par_1_20' title="bbox 171 3457 1070 3543">
     <span class='ocr_line' id='line_1_36' title="bbox 171 3457 1070 3543; baseline 0.017 -23"><span class='ocrx_word' id='word_1_208' title='bbox 171 3457 249 3539; x_wconf 66' lang='lat' dir='ltr'><strong>Ego,</strong></span> <span class='ocrx_word' id='word_1_209' title='bbox 263 3457 370 3538; x_wconf 87' lang='lat' dir='ltr'><strong>inquit,</strong></span> <span class='ocrx_word' id='word_1_210' title='bbox 387 3458 450 3540; x_wconf 82' lang='lat' dir='ltr'><strong>jorn</strong></span> <span class='ocrx_word' id='word_1_211' title='bbox 473 3461 585 3525; x_wconf 89' lang='lat' dir='ltr'><strong>morior</strong></span> <span class='ocrx_word' id='word_1_212' title='bbox 600 3482 608 3522; x_wconf 79' lang='grc' dir='ltr'><strong><em>ε</em></strong></span> <span class='ocrx_word' id='word_1_213' title='bbox 628 3461 714 3530; x_wconf 77' lang='lat' dir='ltr'><strong>Deus</strong></span> <span class='ocrx_word' id='word_1_214' title='bbox 726 3483 780 3529; x_wconf 82' lang='lat' dir='ltr'><strong>vos</strong></span> <span class='ocrx_word' id='word_1_215' title='bbox 794 3485 856 3530; x_wconf 89' lang='lat' dir='ltr'><strong>non</strong></span> <span class='ocrx_word' id='word_1_216' title='bbox 870 3465 999 3543; x_wconf 73' lang='lat' dir='ltr'><strong>deseret,</strong></span> <span class='ocrx_word' id='word_1_217' title='bbox 1011 3466 1070 3534; x_wconf 80' lang='lat' dir='ltr'><strong>sed</strong></span> 
     </span>
    </p>
   </div>
   <div class='ocr_carea' id='block_1_14' title="bbox 0 0 1210 3822">
    <p class='ocr_par' dir='ltr' id='par_1_21' title="bbox 0 0 1210 3822">
     <span class='ocr_line' id='line_1_37' title="bbox 0 0 1210 3822; baseline 0 0"><span class='ocrx_word' id='word_1_218' title='bbox 0 0 1210 3822; x_wconf 95' lang='lat' dir='ltr'><strong> </strong></span> 
     </span>
    </p>
   </div>
  </div>
 </body>
</html>
