2386 3822
565 213 613 286 59

154 395 263 478 ltaque
294 397 448 462 adductus
477 406 525 461 est
556 397 597 460 ad
630 396 765 475 Sadlem,
787 397 849 478 qui,
871 397 1067 464 considerati

110 480 178 566 ejus
193 492 296 560 aetate,
311 481 474 546 diffidebat
488 501 615 566 pugnae.

153 566 226 630 Non
251 568 377 652 poteris,
393 567 502 650 inquit,
517 566 767 631 adolescentulus
788 587 860 631 cum
873 568 938 631 viro
959 567 1066 632 robus·

110 651 228 716 tissimo
243 674 394 738 pugnare.

151 736 328 821 Respondit
349 737 470 802 David:
491 757 531 801 ne
550 737 669 815 timeas,
683 757 703 798 0
718 759 781 814 rex,
797 759 892 820 quum
907 757 1066 821 pascerem

11 853 15 862 ‹
107 842 182 884 oves
208 823 304 905 patris
333 823 404 900 mei,
430 820 481 887 leo
503 823 614 886 invasit
633 843 774 908 gregem,
795 845 947 905 ovemque
972 822 1067 886 corri-

108 906 195 988 puit3
218 929 280 992 ego
297 907 390 1004 'illum
412 919 593 992 persecutus
611 908 725 986 occidi,
739 919 772 972 et
786 929 876 972 ovem
890 931 908 971 e
924 907 1066 971 faucibus
1184 987 1185 994 ἵ

108 987 192 1054 illius
207 993 315 1075 eripui.

153 1077 265 1140 Ursum
279 1078 394 1162 pariter
416 1078 566 1142 interfeci.
611 1079 707 1156 Deus,
732 1078 785 1160 qui
808 1099 859 1143 me
884 1077 1025 1142 defendit
1046 1099 1066 1142 a

109 1159 200 1226 leone
215 1173 248 1226 et
262 1184 344 1241 urso,
357 1185 408 1227 me
424 1185 547 1248 quoque
564 1185 583 1228 a
597 1163 755 1227 Philistaeo
769 1163 829 1228 isto
842 1164 1000 1230 defendet.

150 1245 234 1312 Tum
259 1249 355 1312 Saul:
377 1249 439 1328 abi,
461 1249 571 1333 inquit,
593 1269 666 1312 curn
688 1249 746 1314 istt
771 1249 904 1330 fiducid3
925 1249 1012 1313 Deus
1034 1263 1065 1313 te

107 1331 243 1417 adjuvet

552 1443 621 1502 112.

152 1557 227 1622 Saul
259 1558 326 1642 ipse
349 1581 404 1624 sua
422 1559 528 1646 juveni
560 1581 646 1624 arma
677 1559 775 1625 voluit
803 1559 1065 1624 accommodare:

106 1641 231 1790 paleam
245 1645 340 1728 capiti
355 1646 422 1731 ejus
444 1645 600 1730 imposuit,
615 1645 712 1710 loricis
734 1656 846 1730 pectus
860 1643 1065 1724 circumterit,

120 1739 189 1792 atus
203 1729 310 1814 gladio
325 1731 471 1794 accinxit.
841 1749 843 1754 '

152 1815 254 1879 David
282 1817 353 1880 verd
376 1817 412 1880 iis
442 1815 609 1900 impeditus
640 1816 741 1896 mauis,
774 1817 887 1902 quibus
913 1837 977 1880 uon
998 1826 1065 1882 erut

108 1912 258 1977 assuetus,
273 1900 321 1964 vix
335 1912 457 1984 poterat
471 1902 628 1967 incedere.

152 1986 261 2055 Quare
283 2008 362 2050 onus
383 1987 615 2052 incommodum
629 1988 795 2072 deposuit3
816 1987 946 2070 sumpsit
960 1997 1065 2050 autern

107 2071 223 2154 pedum
244 2072 408 2154 pastorale,
424 2093 486 2156 quo
500 2071 545 2135 uti
560 2084 772 2150 consueverat,
787 2085 819 2136 et
843 2072 971 2134 fundam
992 2091 1065 2134 curn

107 2157 244 2239 quinque
268 2156 424 2240 lapidibus
446 2157 478 2220 in
500 2157 639 2222 sacculo.
684 2157 739 2222 Sic
762 2168 896 2221 armatus
920 2156 1065 2221 adversus

106 2239 301 2306 Philistaeum
316 2242 476 2326 processit.

554 2373 624 2432 113.

149 2471 336 2538 Accedebat
358 2493 398 2537 ex
421 2473 551 2538 adverso
572 2473 747 2552 Goliatbus,
770 2473 832 2556 qui,
853 2471 919 2536 viso
943 2471 1065 2536 adoles·

105 2568 221 2621 cente:
250 2579 335 2637 num,
366 2559 476 2642 inquit,
508 2579 559 2622 rno
580 2579 692 2624 canem
718 2580 787 2624 esse
809 2567 910 2642 putas,
933 2557 986 2640 qui
1012 2579 1063 2622 me

106 2663 181 2706 cum
196 2644 312 2708 baculo
326 2643 540 2728 aggrediaris?

150 2727 208 2791 Cui
231 2729 332 2792 David
358 2729 537 2811 respondit3
565 2741 599 2793 tu
621 2731 707 2794 venis
730 2731 771 2794 ad
791 2749 849 2792 me
864 2749 936 2792 curn
957 2727 1065 2812 gladio

105 2823 139 2876 et
153 2814 240 2876 hasti
253 2825 286 2876 et
300 2815 434 2898 clype03
456 2835 517 2898 ego
541 2827 644 2880 autem
669 2817 761 2879 venio
772 2815 805 2877 in
820 2815 944 2878 nomine
967 2815 1064 2878 Dom-

105 2897 149 2960 ini
165 2899 365 2977 exercituum,
381 2921 475 2982 quenr
490 2901 609 2982 probris
624 2923 716 2964 ausus
730 2922 764 2964 cs
779 2900 942 2963 lacessere.

149 2985 253 3060 Tunc,
266 2985 360 3048 rnisso
375 2985 470 3048 fundit
492 2985 606 3069 lapide,
620 2987 811 3050 Philistaeum
825 2986 858 3049 in
872 2985 972 3048 fronte
990 3003 1065 3066 per·

103 3069 214 3144 cussit,
242 3079 276 3132 et
302 3069 387 3134 bruni
419 3072 592 3154 prostravit,
614 3093 804 3154 currensque
835 3091 926 3134 suurn
944 3067 1064 3153 jacenti

102 3155 246 3241 gladium
260 3154 401 3232 detraxit,
416 3177 479 3238 quo
493 3170 588 3240 caput
602 3157 648 3221 illi
662 3157 816 3239 praecidit.

148 3239 195 3303 Ed
217 3261 250 3302 re
273 3240 408 3322 perculsi
439 3241 590 3306 Philistaei
618 3244 650 3307 in
680 3242 787 3328 fugam
817 3239 912 3308 versi,
927 3249 1009 3316 sunt,
1031 3251 1065 3304 et

102 3324 268 3390 victoriam
282 3324 427 3390 Hebraeis
436 3339 675 3410 concesserunt.

550 3462 563 3519 l
572 3461 619 3518 14.

146 3559 305 3624 Redeunti
331 3561 444 3625 Davidi
466 3562 588 3626 obvibm
608 3563 684 3625 itum
707 3569 764 3622 est.
810 3556 937 3620 llebraei
961 3563 1047 3636 gratu
