<?xml version="1.0" encoding="UTF-8"?>
<!DOCTYPE html PUBLIC "-//W3C//DTD XHTML 1.0 Transitional//EN"
    "http://www.w3.org/TR/xhtml1/DTD/xhtml1-transitional.dtd">
<html xmlns="http://www.w3.org/1999/xhtml" xml:lang="en" lang="en">
 <head>
  <title>
</title>
<meta http-equiv="Content-Type" content="text/html;charset=utf-8" />
  <meta name='ocr-system' content='tesseract 3.04.00' />
  <meta name='ocr-capabilities' content='ocr_page ocr_carea ocr_par ocr_line ocrx_word'/>
</head>
<body>
  <div class='ocr_page' id='page_1' title='image "./liberprimusoraf02danagoog_0056.png"; bbox 0 0 2386 3822; ppageno 0'>
   <div class='ocr_carea' id='block_1_1' title="bbox 592 187 640 257">
    <p class='ocr_par' dir='ltr' id='par_1_1' title="bbox 592 187 640 257">
     <span class='ocr_line' id='line_1_1' title="bbox 592 187 640 257; baseline 0 0"><span class='ocrx_word' id='word_1_1' title='bbox 592 187 640 257; x_wconf 84' lang='lat'>50</span> 
     </span>
    </p>
   </div>
   <div class='ocr_carea' id='block_1_2' title="bbox 139 363 1100 534">
    <p class='ocr_par' dir='ltr' id='par_1_2' title="bbox 139 363 1100 534">
     <span class='ocr_line' id='line_1_2' title="bbox 141 363 1100 452; baseline -0.007 -18"><span class='ocrx_word' id='word_1_2' title='bbox 141 369 213 434; x_wconf 81' lang='lat' dir='ltr'>filiae</span> <span class='ocrx_word' id='word_1_3' title='bbox 238 367 416 446; x_wconf 83' lang='lat' dir='ltr'><strong>Pharaonis,</strong></span> <span class='ocrx_word' id='word_1_4' title='bbox 448 390 519 452; x_wconf 78' lang='lat' dir='ltr'>quae</span> <span class='ocrx_word' id='word_1_5' title='bbox 546 368 634 432; x_wconf 86' lang='lat' dir='ltr'>iilum</span> <span class='ocrx_word' id='word_1_6' title='bbox 666 364 834 448; x_wconf 80' lang='lat' dir='ltr'>adoptavit,</span> <span class='ocrx_word' id='word_1_7' title='bbox 862 376 895 430; x_wconf 88' lang='lat' dir='ltr'>et</span> <span class='ocrx_word' id='word_1_8' title='bbox 922 363 1100 429; x_wconf 88' lang='lat' dir='ltr'>nominavit</span> 
     </span>
     <span class='ocr_line' id='line_1_3' title="bbox 139 452 725 534; baseline -0.007 -16"><span class='ocrx_word' id='word_1_9' title='bbox 139 453 273 531; x_wconf 79' lang='lat' dir='ltr'>Mosam,</span> <span class='ocrx_word' id='word_1_10' title='bbox 287 454 390 531; x_wconf 85' lang='lat' dir='ltr'>idest,</span> <span class='ocrx_word' id='word_1_11' title='bbox 405 463 559 518; x_wconf 87' lang='lat' dir='ltr'>servatum</span> <span class='ocrx_word' id='word_1_12' title='bbox 573 453 613 516; x_wconf 90' lang='lat' dir='ltr'>ab</span> <span class='ocrx_word' id='word_1_13' title='bbox 628 452 725 534; x_wconf 86' lang='lat' dir='ltr'>aquis.</span> 
     </span>
    </p>
   </div>
   <div class='ocr_carea' id='block_1_3' title="bbox 595 578 646 637">
    <p class='ocr_par' dir='ltr' id='par_1_3' title="bbox 595 578 646 637">
     <span class='ocr_line' id='line_1_4' title="bbox 595 578 646 637; baseline -0.039 0"><span class='ocrx_word' id='word_1_14' title='bbox 595 578 646 637; x_wconf 85' lang='grc'>83.</span> 
     </span>
    </p>
   </div>
   <div class='ocr_carea' id='block_1_4' title="bbox 138 693 1097 1526">
    <p class='ocr_par' dir='ltr' id='par_1_4' title="bbox 139 693 1097 868">
     <span class='ocr_line' id='line_1_5' title="bbox 181 693 1097 787; baseline -0.003 -22"><span class='ocrx_word' id='word_1_15' title='bbox 181 699 286 765; x_wconf 87' lang='lat' dir='ltr'>Moses</span> <span class='ocrx_word' id='word_1_16' title='bbox 318 703 382 787; x_wconf 89' lang='lat' dir='ltr'>jam</span> <span class='ocrx_word' id='word_1_17' title='bbox 409 721 512 777; x_wconf 86' lang='lat' dir='ltr'>senex,</span> <span class='ocrx_word' id='word_1_18' title='bbox 537 697 667 782; x_wconf 89' lang='lat' dir='ltr'>jubente</span> <span class='ocrx_word' id='word_1_19' title='bbox 689 697 768 771; x_wconf 92' lang='lat' dir='ltr'>Deo,</span> <span class='ocrx_word' id='word_1_20' title='bbox 790 696 868 760; x_wconf 91' lang='lat' dir='ltr'>adiit</span> <span class='ocrx_word' id='word_1_21' title='bbox 888 693 1097 774; x_wconf 82' lang='lat' dir='ltr'>Pharaonem,</span> 
     </span>
     <span class='ocr_line' id='line_1_6' title="bbox 139 779 1038 868; baseline -0.007 -19"><span class='ocrx_word' id='word_1_22' title='bbox 139 785 230 866; x_wconf 90' lang='lat' dir='ltr'>eique</span> <span class='ocrx_word' id='word_1_23' title='bbox 246 787 405 868; x_wconf 70' lang='lat' dir='ltr'>precepit,</span> <span class='ocrx_word' id='word_1_24' title='bbox 419 785 544 848; x_wconf 88' lang='lat' dir='ltr'>nomine</span> <span class='ocrx_word' id='word_1_25' title='bbox 558 782 629 860; x_wconf 90' lang='lat' dir='ltr'>Dei,</span> <span class='ocrx_word' id='word_1_26' title='bbox 644 793 678 846; x_wconf 92' lang='lat' dir='ltr'>ut</span> <span class='ocrx_word' id='word_1_27' title='bbox 691 781 861 845; x_wconf 85' lang='lat' dir='ltr'>dimitteret</span> <span class='ocrx_word' id='word_1_28' title='bbox 873 779 1038 844; x_wconf 80' lang='lat' dir='ltr'>Hebraeos.</span> 
     </span>
    </p>

    <p class='ocr_par' dir='ltr' id='par_1_5' title="bbox 181 865 860 954">
     <span class='ocr_line' id='line_1_7' title="bbox 181 865 860 954; baseline -0.009 -20"><span class='ocrx_word' id='word_1_29' title='bbox 181 869 250 934; x_wconf 81' lang='lat' dir='ltr'>Rex</span> <span class='ocrx_word' id='word_1_30' title='bbox 264 871 375 954; x_wconf 89' lang='lat' dir='ltr'>impius</span> <span class='ocrx_word' id='word_1_31' title='bbox 389 869 490 934; x_wconf 90' lang='lat' dir='ltr'>renuit</span> <span class='ocrx_word' id='word_1_32' title='bbox 503 889 610 952; x_wconf 87' lang='lat' dir='ltr'>parere</span> <span class='ocrx_word' id='word_1_33' title='bbox 624 866 776 931; x_wconf 89' lang='lat' dir='ltr'>mandatis</span> <span class='ocrx_word' id='word_1_34' title='bbox 791 865 860 928; x_wconf 90' lang='lat' dir='ltr'>Dei.</span> 
     </span>
    </p>

    <p class='ocr_par' dir='ltr' id='par_1_6' title="bbox 139 949 1097 1122">
     <span class='ocr_line' id='line_1_8' title="bbox 182 949 1097 1034; baseline -0.004 -16"><span class='ocrx_word' id='word_1_35' title='bbox 182 954 298 1032; x_wconf 78' lang='lat' dir='ltr'>Mosae,</span> <span class='ocrx_word' id='word_1_36' title='bbox 321 966 354 1017; x_wconf 92' lang='lat' dir='ltr'>ut</span> <span class='ocrx_word' id='word_1_37' title='bbox 378 953 545 1018; x_wconf 83' lang='lat' dir='ltr'>Pharaonis</span> <span class='ocrx_word' id='word_1_38' title='bbox 559 951 762 1034; x_wconf 78' lang='lat' dir='ltr'><strong>pertinaciam</strong></span> <span class='ocrx_word' id='word_1_39' title='bbox 775 950 923 1028; x_wconf 83' lang='lat' dir='ltr'>vinceret,</span> <span class='ocrx_word' id='word_1_40' title='bbox 937 949 1037 1012; x_wconf 88' lang='lat' dir='ltr'>multa</span> <span class='ocrx_word' id='word_1_41' title='bbox 1059 961 1097 1014; x_wconf 91' lang='lat' dir='ltr'>et</span> 
     </span>
     <span class='ocr_line' id='line_1_9' title="bbox 139 1033 1094 1122; baseline -0.005 -20"><span class='ocrx_word' id='word_1_42' title='bbox 139 1041 293 1122; x_wconf 87' lang='lat' dir='ltr'>stupenda</span> <span class='ocrx_word' id='word_1_43' title='bbox 306 1039 404 1102; x_wconf 82' lang='lat' dir='ltr'>edidit</span> <span class='ocrx_word' id='word_1_44' title='bbox 417 1039 568 1122; x_wconf 88' lang='lat' dir='ltr'>prodigia,</span> <span class='ocrx_word' id='word_1_45' title='bbox 583 1057 653 1118; x_wconf 77' lang='lat' dir='ltr'>quae</span> <span class='ocrx_word' id='word_1_46' title='bbox 667 1045 817 1098; x_wconf 86' lang='lat' dir='ltr'>vocantur</span> <span class='ocrx_word' id='word_1_47' title='bbox 831 1035 934 1118; x_wconf 83' lang='lat' dir='ltr'>plagae</span> <span class='ocrx_word' id='word_1_48' title='bbox 950 1033 1094 1119; x_wconf 60' lang='lat' dir='ltr'>AErgypti.</span> 
     </span>
    </p>

    <p class='ocr_par' dir='ltr' id='par_1_7' title="bbox 138 1120 1096 1376">
     <span class='ocr_line' id='line_1_10' title="bbox 182 1120 1095 1202; baseline -0.004 -17"><span class='ocrx_word' id='word_1_49' title='bbox 182 1124 290 1193; x_wconf 78' lang='lat' dir='ltr'>Quum</span> <span class='ocrx_word' id='word_1_50' title='bbox 312 1123 508 1188; x_wconf 83' lang='lat' dir='ltr'>nibilominbs</span> <span class='ocrx_word' id='word_1_51' title='bbox 529 1123 649 1186; x_wconf 78' lang='lat' dir='ltr'><strong>Pharao</strong></span> <span class='ocrx_word' id='word_1_52' title='bbox 681 1120 713 1183; x_wconf 91' lang='lat' dir='ltr'>in</span> <span class='ocrx_word' id='word_1_53' title='bbox 742 1120 895 1184; x_wconf 74' lang='lat' dir='ltr'>sententiis</span> <span class='ocrx_word' id='word_1_54' title='bbox 929 1129 1095 1202; x_wconf 78' lang='lat' dir='ltr'>perstaret,</span> 
     </span>
     <span class='ocr_line' id='line_1_11' title="bbox 138 1203 1096 1293; baseline -0.006 -21"><span class='ocrx_word' id='word_1_55' title='bbox 138 1207 225 1272; x_wconf 86' lang='lat' dir='ltr'>Deus</span> <span class='ocrx_word' id='word_1_56' title='bbox 247 1207 401 1271; x_wconf 84' lang='lat' dir='ltr'>interfecit</span> <span class='ocrx_word' id='word_1_57' title='bbox 433 1205 673 1293; x_wconf 88' lang='lat' dir='ltr'>primogenitum</span> <span class='ocrx_word' id='word_1_58' title='bbox 704 1205 771 1290; x_wconf 89' lang='lat' dir='ltr'>ejus</span> <span class='ocrx_word' id='word_1_59' title='bbox 800 1203 898 1268; x_wconf 88' lang='lat' dir='ltr'>filium</span> <span class='ocrx_word' id='word_1_60' title='bbox 922 1212 956 1267; x_wconf 90' lang='lat' dir='ltr'>et</span> <span class='ocrx_word' id='word_1_61' title='bbox 982 1223 1096 1268; x_wconf 89' lang='lat' dir='ltr'>omnes</span> 
     </span>
     <span class='ocr_line' id='line_1_12' title="bbox 140 1291 598 1376; baseline 0 -22"><span class='ocrx_word' id='word_1_62' title='bbox 140 1291 360 1376; x_wconf 80' lang='lat' dir='ltr'>primogenitos</span> <span class='ocrx_word' id='word_1_63' title='bbox 374 1293 598 1376; x_wconf 83' lang='lat' dir='ltr'>AEgyptiorum.</span> 
     </span>
    </p>

    <p class='ocr_par' dir='ltr' id='par_1_8' title="bbox 139 1373 1096 1526">
     <span class='ocr_line' id='line_1_13' title="bbox 182 1373 1096 1462; baseline 0 -22"><span class='ocrx_word' id='word_1_64' title='bbox 182 1375 323 1440; x_wconf 84' lang='lat' dir='ltr'><strong>Tandem</strong></span> <span class='ocrx_word' id='word_1_65' title='bbox 345 1387 430 1440; x_wconf 87' lang='lat' dir='ltr'>metu</span> <span class='ocrx_word' id='word_1_66' title='bbox 455 1377 554 1441; x_wconf 87' lang='lat' dir='ltr'>victur</span> <span class='ocrx_word' id='word_1_67' title='bbox 578 1399 630 1441; x_wconf 89' lang='lat' dir='ltr'>rex</span> <span class='ocrx_word' id='word_1_68' title='bbox 649 1377 760 1462; x_wconf 87' lang='lat' dir='ltr'>paruit,</span> <span class='ocrx_word' id='word_1_69' title='bbox 774 1377 922 1459; x_wconf 89' lang='lat' dir='ltr'>deditque</span> <span class='ocrx_word' id='word_1_70' title='bbox 944 1373 1096 1440; x_wconf 74' lang='lat' dir='ltr'>Hebraeis</span> 
     </span>
     <span class='ocr_line' id='line_1_14' title="bbox 139 1459 526 1526; baseline -0.003 0"><span class='ocrx_word' id='word_1_71' title='bbox 139 1459 320 1526; x_wconf 84' lang='lat' dir='ltr'>discedendi</span> <span class='ocrx_word' id='word_1_72' title='bbox 336 1461 526 1526; x_wconf 84' lang='lat' dir='ltr'>facultatem.</span> 
     </span>
    </p>
   </div>
   <div class='ocr_carea' id='block_1_5' title="bbox 593 1594 643 1652">
    <p class='ocr_par' dir='ltr' id='par_1_9' title="bbox 593 1594 643 1652">
     <span class='ocr_line' id='line_1_15' title="bbox 593 1594 643 1652; baseline -0.02 0"><span class='ocrx_word' id='word_1_73' title='bbox 593 1594 643 1652; x_wconf 83' lang='lat'>84.</span> 
     </span>
    </p>
   </div>
   <div class='ocr_carea' id='block_1_6' title="bbox 139 1685 1096 2280">
    <p class='ocr_par' dir='ltr' id='par_1_10' title="bbox 139 1685 1079 1856">
     <span class='ocr_line' id='line_1_16' title="bbox 182 1685 1079 1772; baseline 0.001 -23"><span class='ocrx_word' id='word_1_74' title='bbox 182 1685 316 1751; x_wconf 86' lang='lat' dir='ltr'>Profecti</span> <span class='ocrx_word' id='word_1_75' title='bbox 340 1698 410 1750; x_wconf 86' lang='lat' dir='ltr'>sunt</span> <span class='ocrx_word' id='word_1_76' title='bbox 423 1687 552 1754; x_wconf 83' lang='lat' dir='ltr'>Hebraei</span> <span class='ocrx_word' id='word_1_77' title='bbox 573 1710 612 1752; x_wconf 89' lang='lat' dir='ltr'>ex</span> <span class='ocrx_word' id='word_1_78' title='bbox 633 1687 770 1772; x_wconf 84' lang='lat' dir='ltr'>AEgypto</span> <span class='ocrx_word' id='word_1_79' title='bbox 791 1687 831 1752; x_wconf 91' lang='lat' dir='ltr'>ad</span> <span class='ocrx_word' id='word_1_80' title='bbox 853 1698 999 1752; x_wconf 84' lang='lat' dir='ltr'>sexcenta</span> <span class='ocrx_word' id='word_1_81' title='bbox 1021 1685 1079 1752; x_wconf 83' lang='lat' dir='ltr'>mii</span> 
     </span>
     <span class='ocr_line' id='line_1_17' title="bbox 139 1769 1033 1856; baseline 0 -22"><span class='ocrx_word' id='word_1_82' title='bbox 139 1769 336 1849; x_wconf 70' lang='lat' dir='ltr'>firmorum,</span> <span class='ocrx_word' id='word_1_83' title='bbox 351 1784 464 1854; x_wconf 84' lang='lat' dir='ltr'>praeter</span> <span class='ocrx_word' id='word_1_84' title='bbox 477 1772 629 1854; x_wconf 88' lang='lat' dir='ltr'>parvulos,</span> <span class='ocrx_word' id='word_1_85' title='bbox 644 1783 676 1835; x_wconf 92' lang='lat' dir='ltr'>et</span> <span class='ocrx_word' id='word_1_86' title='bbox 689 1775 897 1855; x_wconf 90' lang='lat' dir='ltr'>promiscuum</span> <span class='ocrx_word' id='word_1_87' title='bbox 911 1771 1033 1856; x_wconf 86' lang='lat' dir='ltr'>vulgus.</span> 
     </span>
    </p>

    <p class='ocr_par' dir='ltr' id='par_1_11' title="bbox 139 1855 1096 2111">
     <span class='ocr_line' id='line_1_18' title="bbox 181 1855 1093 1940; baseline 0.001 -21"><span class='ocrx_word' id='word_1_88' title='bbox 181 1856 246 1920; x_wconf 88' lang='lat' dir='ltr'>Illis</span> <span class='ocrx_word' id='word_1_89' title='bbox 260 1857 492 1939; x_wconf 83' lang='lat' dir='ltr'>egredientibus</span> <span class='ocrx_word' id='word_1_90' title='bbox 505 1857 637 1940; x_wconf 84' lang='lat' dir='ltr'>praeibat</span> <span class='ocrx_word' id='word_1_91' title='bbox 660 1857 805 1936; x_wconf 86' lang='lat' dir='ltr'>¹columna</span> <span class='ocrx_word' id='word_1_92' title='bbox 829 1858 921 1922; x_wconf 91' lang='lat' dir='ltr'>nubis</span> <span class='ocrx_word' id='word_1_93' title='bbox 945 1855 1093 1934; x_wconf 85' lang='lat' dir='ltr'>interdiu,</span> 
     </span>
     <span class='ocr_line' id='line_1_19' title="bbox 139 1939 1096 2026; baseline 0.001 -21"><span class='ocrx_word' id='word_1_94' title='bbox 139 1950 172 2006; x_wconf 91' lang='lat' dir='ltr'>et</span> <span class='ocrx_word' id='word_1_95' title='bbox 186 1939 332 2005; x_wconf 90' lang='lat' dir='ltr'>columna</span> <span class='ocrx_word' id='word_1_96' title='bbox 356 1941 437 2024; x_wconf 84' lang='lat' dir='ltr'>ignis</span> <span class='ocrx_word' id='word_1_97' title='bbox 460 1950 565 2026; x_wconf 80' lang='lat' dir='ltr'>noctu,</span> <span class='ocrx_word' id='word_1_98' title='bbox 592 1963 660 2024; x_wconf 78' lang='lat' dir='ltr'>quse</span> <span class='ocrx_word' id='word_1_99' title='bbox 678 1950 760 2004; x_wconf 88' lang='lat' dir='ltr'>esset</span> <span class='ocrx_word' id='word_1_100' title='bbox 773 1943 835 2005; x_wconf 90' lang='lat' dir='ltr'>dux</span> <span class='ocrx_word' id='word_1_101' title='bbox 850 1941 930 2022; x_wconf 84' lang='lat' dir='ltr'>viae3</span> <span class='ocrx_word' id='word_1_102' title='bbox 953 1963 1013 2005; x_wconf 92' lang='lat' dir='ltr'>nec</span> <span class='ocrx_word' id='word_1_103' title='bbox 1036 1963 1096 2006; x_wconf 87' lang='lat' dir='ltr'>uu·</span> 
     </span>
     <span class='ocr_line' id='line_1_20' title="bbox 139 2026 981 2111; baseline -0.001 -22"><span class='ocrx_word' id='word_1_104' title='bbox 139 2047 233 2109; x_wconf 88' lang='lat' dir='ltr'>quarn</span> <span class='ocrx_word' id='word_1_105' title='bbox 247 2047 301 2108; x_wconf 89' lang='lat' dir='ltr'>per</span> <span class='ocrx_word' id='word_1_106' title='bbox 316 2026 519 2111; x_wconf 85' lang='lat' dir='ltr'>quadraginta</span> <span class='ocrx_word' id='word_1_107' title='bbox 534 2048 630 2090; x_wconf 87' lang='lat' dir='ltr'>armos</span> <span class='ocrx_word' id='word_1_108' title='bbox 645 2026 743 2090; x_wconf 91' lang='lat' dir='ltr'>defuit</span> <span class='ocrx_word' id='word_1_109' title='bbox 758 2027 812 2090; x_wconf 90' lang='lat' dir='ltr'>illa</span> <span class='ocrx_word' id='word_1_110' title='bbox 825 2027 981 2091; x_wconf 82' lang='lat' dir='ltr'>columna.</span> 
     </span>
    </p>

    <p class='ocr_par' dir='ltr' id='par_1_12' title="bbox 139 2109 1095 2280">
     <span class='ocr_line' id='line_1_21' title="bbox 181 2109 1095 2196; baseline 0 -20"><span class='ocrx_word' id='word_1_111' title='bbox 181 2109 255 2176; x_wconf 89' lang='lat' dir='ltr'>Post</span> <span class='ocrx_word' id='word_1_112' title='bbox 269 2131 386 2193; x_wconf 92' lang='lat' dir='ltr'>paucos</span> <span class='ocrx_word' id='word_1_113' title='bbox 407 2111 474 2174; x_wconf 88' lang='lat' dir='ltr'>dies</span> <span class='ocrx_word' id='word_1_114' title='bbox 496 2112 660 2176; x_wconf 88' lang='lat' dir='ltr'>multitudo</span> <span class='ocrx_word' id='word_1_115' title='bbox 674 2111 880 2176; x_wconf 87' lang='lat' dir='ltr'>Hebraeorum</span> <span class='ocrx_word' id='word_1_116' title='bbox 894 2111 1095 2196; x_wconf 88' lang='lat' dir='ltr'>pervenitad</span> 
     </span>
     <span class='ocr_line' id='line_1_22' title="bbox 139 2195 801 2280; baseline -0.003 -20"><span class='ocrx_word' id='word_1_117' title='bbox 139 2197 211 2260; x_wconf 85' lang='lat' dir='ltr'>litus</span> <span class='ocrx_word' id='word_1_118' title='bbox 225 2195 317 2259; x_wconf 86' lang='lat' dir='ltr'>maris</span> <span class='ocrx_word' id='word_1_119' title='bbox 331 2195 440 2273; x_wconf 87' lang='lat' dir='ltr'>Rubri,</span> <span class='ocrx_word' id='word_1_120' title='bbox 455 2196 560 2278; x_wconf 87' lang='lat' dir='ltr'>ibique</span> <span class='ocrx_word' id='word_1_121' title='bbox 574 2207 676 2260; x_wconf 89' lang='lat' dir='ltr'>castra</span> <span class='ocrx_word' id='word_1_122' title='bbox 690 2195 801 2280; x_wconf 83' lang='lat' dir='ltr'>posuit</span> 
     </span>
    </p>
   </div>
   <div class='ocr_carea' id='block_1_7' title="bbox 587 2327 638 2386">
    <p class='ocr_par' dir='ltr' id='par_1_13' title="bbox 587 2327 638 2386">
     <span class='ocr_line' id='line_1_23' title="bbox 587 2327 638 2386; baseline -0.039 0"><span class='ocrx_word' id='word_1_123' title='bbox 587 2327 638 2386; x_wconf 82' lang='lat'>85.</span> 
     </span>
    </p>
   </div>
   <div class='ocr_carea' id='block_1_8' title="bbox 138 2411 1178 3188">
    <p class='ocr_par' dir='ltr' id='par_1_14' title="bbox 138 2411 1178 2662">
     <span class='ocr_line' id='line_1_24' title="bbox 181 2411 1178 2510; baseline 0 -18"><span class='ocrx_word' id='word_1_124' title='bbox 181 2427 269 2492; x_wconf 70' lang='lat' dir='ltr'>areu</span> <span class='ocrx_word' id='word_1_125' title='bbox 293 2447 399 2508; x_wconf 71' lang='lat' dir='ltr'>regem</span> <span class='ocrx_word' id='word_1_126' title='bbox 422 2427 566 2510; x_wconf 76' lang='lat' dir='ltr'>poeninrit</span> <span class='ocrx_word' id='word_1_127' title='bbox 586 2427 669 2509; x_wconf 80' lang='lat' dir='ltr'>quar</span> <span class='ocrx_word' id='word_1_128' title='bbox 682 2437 729 2491; x_wconf 74' lang='lat' dir='ltr'>tot</span> <span class='ocrx_word' id='word_1_129' title='bbox 745 2428 842 2492; x_wconf 71' lang='lat' dir='ltr'>arina</span> <span class='ocrx_word' id='word_1_130' title='bbox 862 2427 1023 2495; x_wconf 72' lang='lat' dir='ltr'>romaum</span> <span class='ocrx_word' id='word_1_131' title='bbox 1043 2427 1095 2492; x_wconf 80' lang='lat' dir='ltr'>‹rr-</span> <span class='ocrx_word' id='word_1_132' title='bbox 1177 2411 1178 2472; x_wconf 72' lang='lat' dir='ltr'>t</span> 
     </span>
     <span class='ocr_line' id='line_1_25' title="bbox 138 2511 1098 2596; baseline 0 -20"><span class='ocrx_word' id='word_1_133' title='bbox 138 2514 280 2589; x_wconf 89' lang='lat' dir='ltr'>misisset,</span> <span class='ocrx_word' id='word_1_134' title='bbox 303 2521 345 2588; x_wconf 92' lang='lat' dir='ltr'>et,</span> <span class='ocrx_word' id='word_1_135' title='bbox 365 2511 501 2575; x_wconf 91' lang='lat' dir='ltr'>collecto</span> <span class='ocrx_word' id='word_1_136' title='bbox 522 2512 641 2596; x_wconf 86' lang='lat' dir='ltr'>ingenti</span> <span class='ocrx_word' id='word_1_137' title='bbox 663 2512 809 2590; x_wconf 87' lang='lat' dir='ltr'>exercitu,</span> <span class='ocrx_word' id='word_1_138' title='bbox 832 2534 886 2576; x_wconf 92' lang='lat' dir='ltr'>eos</span> <span class='ocrx_word' id='word_1_139' title='bbox 908 2523 1098 2596; x_wconf 80' lang='lat' dir='ltr'>persecutus</span> 
     </span>
     <span class='ocr_line' id='line_1_26' title="bbox 139 2612 197 2662; baseline -0.034 0"><span class='ocrx_word' id='word_1_140' title='bbox 139 2612 197 2662; x_wconf 81' lang='lat' dir='ltr'>esi.</span> 
     </span>
    </p>

    <p class='ocr_par' dir='ltr' id='par_1_15' title="bbox 139 2680 1178 2992">
     <span class='ocr_line' id='line_1_27' title="bbox 182 2680 1096 2764; baseline -0.001 -17"><span class='ocrx_word' id='word_1_141' title='bbox 182 2682 320 2759; x_wconf 82' lang='lat' dir='ltr'>Hebraei,</span> <span class='ocrx_word' id='word_1_142' title='bbox 335 2701 429 2764; x_wconf 91' lang='lat' dir='ltr'>quum</span> <span class='ocrx_word' id='word_1_143' title='bbox 443 2680 590 2744; x_wconf 87' lang='lat' dir='ltr'>vidissent</span> <span class='ocrx_word' id='word_1_144' title='bbox 605 2701 643 2744; x_wconf 91' lang='lat' dir='ltr'>ex</span> <span class='ocrx_word' id='word_1_145' title='bbox 657 2680 718 2745; x_wconf 70' lang='lat' dir='ltr'>und</span> <span class='ocrx_word' id='word_1_146' title='bbox 732 2693 818 2764; x_wconf 87' lang='lat' dir='ltr'>parte</span> <span class='ocrx_word' id='word_1_147' title='bbox 840 2705 873 2748; x_wconf 89' lang='lat' dir='ltr'>se</span> <span class='ocrx_word' id='word_1_148' title='bbox 897 2682 974 2746; x_wconf 92' lang='lat' dir='ltr'>mari</span> <span class='ocrx_word' id='word_1_149' title='bbox 997 2681 1096 2746; x_wconf 86' lang='lat' dir='ltr'>inter-</span> 
     </span>
     <span class='ocr_line' id='line_1_28' title="bbox 139 2765 1095 2848; baseline -0.001 -17"><span class='ocrx_word' id='word_1_150' title='bbox 139 2767 242 2831; x_wconf 89' lang='lat' dir='ltr'>clusos</span> <span class='ocrx_word' id='word_1_151' title='bbox 270 2789 348 2843; x_wconf 89' lang='lat' dir='ltr'>esse,</span> <span class='ocrx_word' id='word_1_152' title='bbox 376 2787 415 2828; x_wconf 88' lang='lat' dir='ltr'>ex</span> <span class='ocrx_word' id='word_1_153' title='bbox 443 2765 540 2828; x_wconf 72' lang='lat' dir='ltr'>alteria</span> <span class='ocrx_word' id='word_1_154' title='bbox 561 2776 647 2848; x_wconf 85' lang='lat' dir='ltr'>parte</span> <span class='ocrx_word' id='word_1_155' title='bbox 669 2765 783 2830; x_wconf 87' lang='lat' dir='ltr'>instare</span> <span class='ocrx_word' id='word_1_156' title='bbox 804 2768 996 2831; x_wconf 87' lang='lat' dir='ltr'>Pharaonem</span> <span class='ocrx_word' id='word_1_157' title='bbox 1018 2784 1095 2830; x_wconf 93' lang='lat' dir='ltr'>cum</span> 
     </span>
     <span class='ocr_line' id='line_1_29' title="bbox 139 2849 904 2947; baseline -0.001 -31"><span class='ocrx_word' id='word_1_158' title='bbox 139 2853 284 2916; x_wconf 92' lang='lat' dir='ltr'>omnibus</span> <span class='ocrx_word' id='word_1_159' title='bbox 299 2851 407 2934; x_wconf 90' lang='lat' dir='ltr'>copiis,</span> <span class='ocrx_word' id='word_1_160' title='bbox 422 2870 537 2947; x_wconf 80' lang='lat' dir='ltr'>magno</span> <span class='ocrx_word' id='word_1_161' title='bbox 552 2849 660 2914; x_wconf 91' lang='lat' dir='ltr'>timore</span> <span class='ocrx_word' id='word_1_162' title='bbox 675 2852 810 2936; x_wconf 89' lang='lat' dir='ltr'>correpti</span> <span class='ocrx_word' id='word_1_163' title='bbox 825 2863 904 2916; x_wconf 89' lang='lat' dir='ltr'>sunt.</span> 
     </span>
    </p>

    <p class='ocr_par' dir='ltr' id='par_1_16' title="bbox 138 2935 1096 3188">
     <span class='ocr_line' id='line_1_30' title="bbox 180 2935 1096 3017; baseline -0.001 -16"><span class='ocrx_word' id='word_1_164' title='bbox 180 2938 273 3002; x_wconf 89' lang='lat' dir='ltr'>Tunc</span> <span class='ocrx_word' id='word_1_165' title='bbox 298 2935 383 2999; x_wconf 89' lang='lat' dir='ltr'>Deus</span> <span class='ocrx_word' id='word_1_166' title='bbox 407 2935 511 2998; x_wconf 82' lang='lat' dir='ltr'>Mosrr</span> <span class='ocrx_word' id='word_1_167' title='bbox 532 2935 692 3017; x_wconf 85' lang='lat' dir='ltr'>protende,</span> <span class='ocrx_word' id='word_1_168' title='bbox 714 2935 823 3016; x_wconf 87' lang='lat' dir='ltr'>inquit,</span> <span class='ocrx_word' id='word_1_169' title='bbox 845 2937 983 3000; x_wconf 82' lang='lat' dir='ltr'>dextram</span> <span class='ocrx_word' id='word_1_170' title='bbox 1006 2947 1096 3000; x_wconf 87' lang='lat' dir='ltr'>tuam</span> 
     </span>
     <span class='ocr_line' id='line_1_31' title="bbox 138 3019 1095 3106; baseline -0.001 -20"><span class='ocrx_word' id='word_1_171' title='bbox 138 3023 170 3086; x_wconf 88' lang='lat' dir='ltr'>in</span> <span class='ocrx_word' id='word_1_172' title='bbox 185 3043 280 3099; x_wconf 88' lang='lat' dir='ltr'>mare,</span> <span class='ocrx_word' id='word_1_173' title='bbox 295 3029 328 3083; x_wconf 88' lang='lat' dir='ltr'>et</span> <span class='ocrx_word' id='word_1_174' title='bbox 347 3019 449 3082; x_wconf 92' lang='lat' dir='ltr'>divide</span> <span class='ocrx_word' id='word_1_175' title='bbox 469 3039 575 3102; x_wconf 87' lang='lat' dir='ltr'>aquas,</span> <span class='ocrx_word' id='word_1_176' title='bbox 588 3032 624 3082; x_wconf 92' lang='lat' dir='ltr'>ut</span> <span class='ocrx_word' id='word_1_177' title='bbox 637 3019 699 3084; x_wconf 82' lang='lat' dir='ltr'>ittae</span> <span class='ocrx_word' id='word_1_178' title='bbox 714 3019 859 3084; x_wconf 82' lang='lat' dir='ltr'>Hebraeis</span> <span class='ocrx_word' id='word_1_179' title='bbox 877 3021 1095 3106; x_wconf 85' lang='lat' dir='ltr'>gradientibus</span> 
     </span>
     <span class='ocr_line' id='line_1_32' title="bbox 138 3103 516 3188; baseline -0.013 -18"><span class='ocrx_word' id='word_1_180' title='bbox 138 3109 197 3172; x_wconf 92' lang='lat' dir='ltr'>iter</span> <span class='ocrx_word' id='word_1_181' title='bbox 211 3107 332 3172; x_wconf 85' lang='lat' dir='ltr'>siccum</span> <span class='ocrx_word' id='word_1_182' title='bbox 346 3103 516 3188; x_wconf 85' lang='lat' dir='ltr'>praebeant.</span> 
     </span>
    </p>
   </div>
   <div class='ocr_carea' id='block_1_9' title="bbox 594 3231 652 3290">
    <p class='ocr_par' dir='ltr' id='par_1_17' title="bbox 594 3183 1178 3332">
     <span class='ocr_line' id='line_1_33' title="bbox 594 3231 652 3290; baseline -0.002 0"><span class='ocrx_word' id='word_1_183' title='bbox 594 3231 652 3290; x_wconf 59' lang='lat' dir='ltr'>a,</span> 
     </span>
    </p>
   </div>
   <div class='ocr_carea' id='block_1_10' title="bbox 139 3329 1178 3582">
    <p class='ocr_par' dir='ltr' id='par_1_18' title="bbox 139 3329 1178 3582">
     <span class='ocr_line' id='line_1_34' title="bbox 182 3329 1178 3416; baseline 0.007 -21"><span class='ocrx_word' id='word_1_184' title='bbox 182 3333 272 3395; x_wconf 87' lang='lat' dir='ltr'>Fecit</span> <span class='ocrx_word' id='word_1_185' title='bbox 302 3333 408 3397; x_wconf 87' lang='lat' dir='ltr'>Moses</span> <span class='ocrx_word' id='word_1_186' title='bbox 439 3331 523 3412; x_wconf 91' lang='lat' dir='ltr'>quod</span> <span class='ocrx_word' id='word_1_187' title='bbox 548 3330 681 3414; x_wconf 84' lang='lat' dir='ltr'>jusserat</span> <span class='ocrx_word' id='word_1_188' title='bbox 709 3329 817 3396; x_wconf 84' lang='lat' dir='ltr'>Deus:</span> <span class='ocrx_word' id='word_1_189' title='bbox 847 3353 941 3416; x_wconf 77' lang='lat' dir='ltr'>qutun</span> <span class='ocrx_word' id='word_1_190' title='bbox 968 3343 1096 3397; x_wconf 87' lang='lat' dir='ltr'>teneret</span> <span class='ocrx_word' id='word_1_191' title='bbox 1177 3335 1178 3402; x_wconf 69' lang='grc' dir='ltr'><strong>Ῑ</strong></span> 
     </span>
     <span class='ocr_line' id='line_1_35' title="bbox 139 3419 1178 3499; baseline 0.003 -19"><span class='ocrx_word' id='word_1_192' title='bbox 139 3435 265 3482; x_wconf 88' lang='lat' dir='ltr'>manum</span> <span class='ocrx_word' id='word_1_193' title='bbox 294 3427 452 3478; x_wconf 83' lang='lat' dir='ltr'>extensam</span> <span class='ocrx_word' id='word_1_194' title='bbox 480 3435 571 3496; x_wconf 87' lang='lat' dir='ltr'>super</span> <span class='ocrx_word' id='word_1_195' title='bbox 601 3435 695 3493; x_wconf 84' lang='lat' dir='ltr'>mare,</span> <span class='ocrx_word' id='word_1_196' title='bbox 717 3438 807 3499; x_wconf 77' lang='lat' dir='ltr'>aqum</span> <span class='ocrx_word' id='word_1_197' title='bbox 829 3419 934 3482; x_wconf 84' lang='lat' dir='ltr'>divisse</span> <span class='ocrx_word' id='word_1_198' title='bbox 959 3429 1039 3496; x_wconf 86' lang='lat' dir='ltr'>sunt,</span> <span class='ocrx_word' id='word_1_199' title='bbox 1062 3429 1098 3482; x_wconf 93' lang='lat' dir='ltr'>et</span> <span class='ocrx_word' id='word_1_200' title='bbox 1177 3427 1178 3460; x_wconf 80' lang='lat'>³</span> 
     </span>
     <span class='ocr_line' id='line_1_36' title="bbox 140 3499 804 3582; baseline -0.002 -17"><span class='ocrx_word' id='word_1_201' title='bbox 140 3502 381 3565; x_wconf 86' lang='lat' dir='ltr'>intumescentes</span> <span class='ocrx_word' id='word_1_202' title='bbox 396 3499 467 3562; x_wconf 91' lang='lat' dir='ltr'>binc</span> <span class='ocrx_word' id='word_1_203' title='bbox 483 3510 516 3561; x_wconf 91' lang='lat' dir='ltr'>et</span> <span class='ocrx_word' id='word_1_204' title='bbox 529 3499 601 3562; x_wconf 89' lang='lat' dir='ltr'>inde</span> <span class='ocrx_word' id='word_1_205' title='bbox 617 3501 804 3582; x_wconf 87' lang='lat' dir='ltr'>pendebant.</span> 
     </span>
    </p>
   </div>
   <div class='ocr_carea' id='block_1_11' title="bbox 0 0 1198 3822">
    <p class='ocr_par' dir='ltr' id='par_1_19' title="bbox 0 0 1198 3822">
     <span class='ocr_line' id='line_1_37' title="bbox 0 0 1198 3822; baseline 0 0"><span class='ocrx_word' id='word_1_206' title='bbox 0 0 1198 3822; x_wconf 95' lang='lat' dir='ltr'> </span> 
     </span>
    </p>
   </div>
  </div>
 </body>
</html>
