2386 3822
554 187 597 256 51

147 365 247 430 Flavit
267 367 361 431 etiam
383 379 492 432 ventus
524 366 699 444 vehemens,
719 385 781 448 quo
811 366 987 430 exsiccatur
1008 375 1056 430 est
1174 351 1175 394 ³

103 449 218 513 alveus·

147 535 239 598 Tune
260 537 388 600 Hebraei
411 535 540 620 ingressi
563 536 686 598 suntin
707 556 791 598 mare
821 535 958 600 siecum:
988 545 1055 598 erat

102 618 185 681 enirn
200 641 283 701 aqua
297 632 443 702 tanquam
456 641 559 682 murus
574 642 593 682 a
606 620 714 684 dextri
728 640 835 682 eorum
848 631 882 682 et
896 619 982 682 laevt.

146 703 215 766 Rex
243 726 366 788 quoque
395 704 569 788 AEgyptius‚
600 704 754 768 Hebraeos
775 703 952 786 gradientes
975 704 1055 768 inse*

104 799 204 866 cutus,
227 809 290 852 non
311 788 471 866 dubitavit,
492 810 586 866 mare,
605 789 665 871 qud
688 788 826 872 patebat,
840 787 961 872 ingredi
983 809 1055 852 cum

104 871 248 936 universo
263 873 409 937 exercitu.

555 963 605 1020 87.

148 1066 254 1135 Quum
269 1064 407 1149 AEgyptii
427 1065 684 1147 progrederentur
704 1064 736 1128 in
750 1064 853 1128 medio
867 1061 954 1138 mari,
968 1062 1055 1126 dom·

104 1149 173 1214 inus
187 1151 337 1214 subvertit
351 1170 458 1213 eorum
472 1169 578 1212 currus
592 1159 625 1211 et
637 1148 754 1232 dejecit
767 1147 897 1230 equites.

148 1235 237 1298 Metu
259 1233 393 1318 perculsi
418 1233 556 1316 AEgyptii
584 1243 745 1316 coepemnt
767 1231 894 1315 fugere:
916 1241 948 1294 at
969 1229 1055 1294 Deus

102 1320 181 1383 dixit
202 1320 305 1382 Mosi:
327 1318 459 1382 extende
480 1339 582 1380 rursus
602 1318 740 1381 dextrum
754 1317 785 1380 in
799 1337 893 1394 mare,
908 1326 943 1380 ut
964 1336 1053 1398 aquae

104 1415 295 1467 revertantur
309 1404 341 1466 in
356 1403 459 1466 locum
473 1423 571 1465 suum.

148 1487 253 1552 Paruit
271 1489 386 1564 Moses,
409 1498 442 1550 et
463 1485 565 1549 statim
586 1507 675 1569 aquae
701 1485 866 1550 refluentes
888 1483 1055 1548 obruemnt

106 1571 279 1656 AErgyptios,
294 1583 326 1636 et
340 1593 445 1634 eorum
459 1592 564 1634 curms
579 1582 611 1635 et
624 1571 754 1653 equites.

147 1657 276 1722 Deletus
290 1668 338 1720 est
352 1657 509 1719 universus
532 1657 684 1720 exereitus
707 1653 874 1718 Pharaonis
893 1654 925 1718 in
944 1653 1054 1720 mediis

105 1741 270 1824 fluctibus3
291 1762 351 1806 nec
373 1762 452 1803 unus
473 1739 598 1822 quidem
611 1739 744 1804 nuncius
767 1748 862 1802 tantae
884 1739 982 1803 cladis
1004 1760 1054 1804 su·

105 1827 228 1910 perfuit.

150 1912 203 1974 Sic
239 1911 324 1975 Deus
353 1909 493 1974 liberavit
524 1909 676 1975 Hebraeos
703 1909 743 1974 ab
769 1909 882 1994 injusta
908 1909 1053 1974 servitute

107 1993 332 2080 AEgyptiorum.

148 2195 286 2272 Hebraei,
301 2195 430 2279 trajecto
451 2194 527 2261 mari
552 2194 670 2271 Rubro,
689 2193 743 2256 diu
767 2194 967 2278 peragrarunt
988 2213 1054 2258 vas·

105 2290 169 2343 tam
184 2279 389 2343 solitudinem.
675 2357 677 2362 Ι

149 2364 264 2428 Deerat
285 2365 393 2446 panis3
416 2372 448 2427 at
469 2363 553 2427 Deus
575 2363 640 2446 ipse
663 2385 717 2427 eos
738 2363 835 2426 aluit:
856 2383 874 2425 e
895 2362 978 2425 coelo
999 2383 1055 2444 per

106 2469 203 2514 annos
226 2449 429 2533 quadraginta
453 2448 568 2512 cecidit
590 2448 687 2526 cibus,
707 2469 799 2531 quem
821 2446 1054 2530 appellaverunt

105 2555 223 2596 uiuri.

149 2617 253 2680 Inerat
266 2617 338 2680 huic
353 2617 425 2680 cibo
439 2627 546 2700 gustus
561 2615 669 2680 similae
685 2638 756 2680 cum
770 2615 863 2680 melle
877 2616 991 2678 mixtae.

149 2701 308 2766 Interdum
342 2701 437 2764 etiam
469 2700 567 2764 defurit
601 2722 705 2783 aqua:
740 2711 781 2778 at,
813 2701 942 2784 jubente
973 2699 1053 2777 Deo,

107 2785 211 2850 Moses
236 2785 431 2868 percutiebat
452 2806 560 2867 rupem
581 2786 675 2869 virgi,
689 2797 721 2848 et
742 2785 890 2849 continuo
912 2803 1053 2866 erumpe·

105 2871 184 2934 'bant
197 2870 297 2934 fontes
311 2891 399 2952 aquae
414 2867 525 2932 dulcis.

557 2975 606 3034 89.

149 3071 259 3136 Mense
289 3071 391 3150 tertio,
418 3082 580 3155 postquam
609 3072 738 3136 Hebraei
767 3071 884 3158 egressi
919 3079 990 3132 sunt
1013 3088 1053 3132 ex

212 3166 255 3232 to,
270 3166 474 3239 perrenemnt
487 3157 525 3218 ad
540 3153 678 3234 montem
692 3156 788 3219 Sinae.

167 3240 199 3303 bi
213 3239 298 3304 Deus
312 3241 398 3303 dedit
411 3242 456 3304 eis
470 3241 573 3324 legem
587 3261 659 3303 cum
673 3250 823 3323 apparatu
837 3237 981 3302 terrifico.

148 3325 318 3407 Coeperunt
338 3326 474 3406 exaudiri
492 3324 635 3402 tonitrua,
656 3323 771 3388 micare
794 3323 932 3406 fulgura:
953 3321 1052 3386 nubes
1136 3379 1140 3390 ,

106 3408 203 3472 densa
224 3407 384 3492 operiebat
403 3420 549 3486 montem,
577 3420 610 3472 et
638 3407 768 3491 clangor
789 3406 932 3472 buccinae
959 3405 1052 3471 vehe-

106 3493 237 3557 mentius
251 3494 473 3577 perstrepebat.
