2386 3822
586 177 635 248 38

182 455 273 521 Tunc
297 458 404 524 francs
423 459 550 542 losephi
570 361 726 526 affimant
746 471 850 542 togam
870 459 937 543 ejus
956 459 990 524 iu
1010 479 1089 526 sau-

14 561 19 572 '
140 539 235 624 8¹¹i¹¹0
248 542 340 620 Μ,
353 563 444 626 quem
458 544 648 620 occiderunt,
671 555 705 608 ct
723 543 872 606 misenum
879 544 1004 640 eumad
1025 563 1086 627 pa.

140 627 363 690 tremcumhis
382 628 502 692 verbis:
521 627 692 694 invenimus
710 627 791 694 baua
806 637 930 711 togarum
949 629 1019 692 rude
1039 650 1084 692 an

140 717 214 792 toga
227 709 282 774 filii
296 711 340 774 tui
354 712 403 775 sit.

181 791 286 862 Quam
315 815 409 877 quum
440 793 624 878 agnovisset,
655 807 743 880 pater
771 796 975 860 exclamavitz
1005 808 1084 880 toga

140 874 194 938 filii
212 879 273 942 mei
287 890 354 944 est:
375 879 440 943 fera
463 879 594 962 pessima
613 880 769 944 devorarit
793 877 972 964 Josephum.
1014 881 1082 946 De·

74 1006 79 1016 .
139 955 210 1025 inde
225 963 315 1026 scidit
328 973 453 1040 vestem,
467 975 500 1026 et
513 963 612 1026 induit
625 964 772 1026 cilicium.

181 1046 298 1109 Omnes
312 1045 400 1110 liberi
414 1047 480 1131 ejus
504 1058 713 1110 convenerunt
734 1057 768 1111 ut
789 1047 920 1112 lenirent
940 1046 1080 1112 dolorem
1176 1085 1177 1126 7

138 1130 253 1214 Pstlffil
280 1131 335 1194 ted
362 1130 498 1198 lacobus
522 1130 622 1194 noluit
645 1132 787 1214 accipere
811 1132 1081 1211 consolationem
1177 1144 1178 1155 ¹

137 1212 292 1294 dixitque:
318 1235 379 1298 ego
406 1215 594 1280 descendam
614 1237 746 1280 moerens
773 1236 846 1281 cum
867 1216 931 1280 filio
950 1237 1022 1280 mco
1045 1216 1080 1280 iu

137 1294 323 1380 sepulcrum.
585 1391 625 1450 44

178 1444 324 1572 Putiphar
338 1487 502 1572 AEgyptius
515 1487 591 1552 emit
603 1487 772 1571 Josephum
785 1509 804 1552 a
817 1487 1050 1553 mercatoribus.

177 1571 263 1636 Deus
287 1584 390 1637 autem
412 1573 486 1636 favit
509 1572 668 1656 Putiphari
692 1573 786 1636 causi
805 1571 954 1656 Josephi:
974 1571 1078 1636 omnia

136 1655 167 1720 ei
181 1659 322 1740 prospere
338 1656 558 1720 succedebant.

178 1741 388 1810 Quimobrem
403 1740 556 1824 Josephus
575 1740 710 1826 benigne
730 1739 854 1806 babitus
868 1752 916 1805 est
929 1741 969 1805 ab
990 1740 1077 1820 hero,
1176 1777 1177 1796 κ

136 1823 188 1906 qui
203 1823 342 1906 praefecit
355 1845 427 1888 eum
441 1824 545 1887 domui
560 1845 634 1888 suae.

177 1907 328 1992 Josephus
351 1928 427 1992 ergo
455 1907 686 1974 administrabat
706 1930 770 1973 rem
792 1907 970 1973 familiarem
991 1907 1077 1972 Puti-
1177 1904 1178 1917 ¹

136 1991 257 2078 pharis:
286 1989 389 2056 omnia
416 1991 532 2056 fiebant
559 1994 599 2056 ad
622 2003 732 2058 nutum
751 1992 827 2080 ejus,
847 2015 907 2058 nec
928 1992 1077 2079 Putiphar

136 2076 226 2143 ullius
239 2077 353 2164 negotii
368 2097 474 2142 curam
487 2079 626 2162 gerebat.

576 2187 628 2244 45.

177 2282 329 2368 Josephus
352 2292 419 2346 erat
440 2279 552 2366 insigni
574 2291 607 2344 et
627 2279 756 2364 pulchri
774 2279 875 2345 facie:
895 2300 970 2344 uxor
990 2279 1077 2346 Puti-

136 2367 237 2452 pharis
251 2389 322 2432 eum
336 2366 515 2449 pelliciebat
529 2365 569 2429 ad
583 2365 742 2450 flagitium.

176 2451 327 2534 Josephus
342 2461 445 2513 autem
459 2449 585 2513 nolebat
599 2449 735 2512 assentiri
750 2448 897 2532 improbae
911 2449 1042 2514 mulieri.

176 2535 323 2605 Quidam
344 2533 395 2596 die
415 2533 525 2598 mulier
545 2533 748 2616 apprehendit
768 2553 852 2596 oram
874 2533 959 2615 pollii
986 2534 1077 2618 ejas;

22 2677 26 2686 .
134 2635 168 2688 at
180 2619 332 2702 Josepbus
345 2617 468 2699 reliquit
481 2618 608 2702 pallium
621 2617 654 2681 iu
666 2617 807 2682 manibus
821 2616 896 2700 ejus,
910 2627 943 2680 et
957 2617 1044 2702 fugit
1178 2661 1179 2678 r

178 2702 290 2769 Mulier
312 2703 388 2766 irata
408 2701 584 2768 inclamavit
604 2723 716 2778 servos,
739 2710 772 2764 et
792 2699 961 2781 Josephum
980 2717 1076 2764 accu-

135 2789 212 2854 savit
226 2788 307 2884 apud
322 2786 428 2861 virum,
447 2786 500 2869 qui
521 2786 646 2850 nimiiun
669 2785 812 2850 credulus
833 2783 969 2870 conjecit
986 2782 1076 2848 Jose-
1178 2811 1179 2880 ζ

135 2873 230 2959 phum
244 2893 276 2936 m
289 2891 456 2936 carcerem.
573 2958 614 3018 46

178 3058 273 3126 Erant
285 3059 317 3123 in
332 3058 443 3122 eodem
463 3075 588 3121 carcere
608 3055 672 3120 duo
684 3055 813 3119 ministri
835 3055 918 3139 regis
941 3054 1078 3120 tho-

135 3145 203 3226 nis3
223 3145 301 3208 altor
313 3151 444 3226 preerat
457 3139 622 3224 pincernis,
636 3139 714 3203 alter
727 3140 901 3223 pistoribus.

177 3228 305 3308 Utrique
319 3225 443 3291 obvenit
455 3224 599 3288 divinitus
609 3223 761 3287 somnirnn
774 3223 884 3286 eidem
896 3233 1000 3288 nocte.

178 3307 228 3372 Aa
241 3331 319 3392 quos
332 3329 426 3391 qutun
438 3308 571 3371 venisset
592 3305 745 3390 Josephus
764 3307 865 3383 mane,
885 3318 918 3370 et
938 3307 1076 3370 animad-

136 3390 274 3455 vertimet
286 3413 341 3454 eos
354 3391 498 3454 tristiores
512 3390 613 3464 solito,
627 3390 825 3474 interrogavit
837 3410 980 3472 quernus
993 3401 1079 3456 esset
1178 3425 1179 3456 1

136 3473 288 3540 mestifiae
303 3475 418 3538 causa?
