2386 3822
566 175 615 249 90

164 357 249 424 Nihil
270 368 359 444 turpe
388 359 433 423 vir
462 357 563 422 honus
592 357 697 434 saciet,
718 356 839 422 etiamsi
859 375 969 422 omues
995 355 1074 422 deoc

120 441 320 526 hominesque
336 443 438 508 celare
454 443 560 526 possit.
1042 503 1045 514 ,

163 527 324 610 Praecipua
337 528 474 613 dignitas
492 538 549 605 est,
563 547 626 590 non
648 525 737 610 fungi
760 523 938 604 honoribus,
951 527 1007 590 sed
1030 525 1071 590 ab

120 609 189 674 aliis
203 612 331 696 dignum
346 613 461 676 honore
472 611 617 696 judicari.
666 686 669 692 g
1182 613 1185 622 “

162 695 228 765 Qui
252 697 395 760 virtutem
419 697 534 759 honore
559 716 614 758 suo
637 693 768 773 fraudat,
783 695 882 780 ipsam
897 695 1038 760 virtutem
1052 717 1074 759 a

117 779 278 866 juventute
293 781 402 844 aufert.

164 901 237 966 Non
250 914 298 967 est
311 903 450 987 dignun,
464 911 499 965 ut
520 900 592 965 inde
617 899 723 984 exigas
745 898 905 978 honorem,
918 901 1001 964 unde
1024 922 1076 964 re·

121 985 203 1070 firgis
221 987 369 1052 laborem.

163 1071 236 1134 Non
250 1072 443 1154 voluptatum
457 1071 506 1134 viri
520 1071 576 1134 sed
588 1069 707 1134 vinctis
720 1069 762 1132 ad
774 1069 900 1134 honoris
914 1069 1074 1154 fastigium

121 1156 192 1219 itur.

164 1240 289 1304 Marcus
316 1240 396 1304 Cato
419 1239 568 1324 populum
589 1239 765 1304 Romanum
786 1239 935 1304 monebat
958 1249 993 1304 ut
1017 1237 1076 1304 ho-

121 1346 227 1388 norem
253 1325 449 1408 magistratus
476 1324 524 1386 his
545 1325 669 1388 demum
691 1323 929 1404 committerent,
957 1325 1073 1408 quide

121 1430 154 1474 ee
165 1410 283 1473 virtutis
298 1409 456 1492 specimen
470 1409 637 1472 dedissent.

123 1515 124 1522 ¹
163 1493 355 1558 ARomanis
379 1493 514 1558 Honoris
538 1492 655 1577 templo
677 1491 805 1558 Virtutis
830 1491 979 1575 templum
1006 1505 1074 1558 crat
1183 1495 1185 1502 '

120 1578 332 1664 conjunctum,
347 1578 379 1642 in
392 1577 478 1661 quod
491 1577 549 1642 nisi
574 1599 630 1662 per
650 1577 770 1642 virtutis
783 1577 935 1662 templum
948 1579 1074 1642 introire

120 1663 237 1727 nemini
254 1663 372 1728 liceret.

504 1763 687 1820 JUSTITIA.

163 1851 287 1918 lustitia
300 1864 348 1918 est
362 1863 506 1918 constans
531 1865 564 1916 et
589 1864 738 1950 perpetua
762 1851 857 1917 animi
879 1854 1075 1937 propensitas
1184 1887 1185 1893 κ

118 1937 169 2024 jus
183 1959 271 2002 suum
285 1938 453 2020 unicuique
468 1938 634 2004 tribuendi.

163 2022 250 2090 Nihil
264 2036 311 2086 est
324 2023 488 2088 honestum
503 2023 587 2106 quod
607 2022 727 2109 justitii
749 2034 861 2103 vacat;
881 2043 941 2086 nec
955 2021 1021 2086 siue
1036 2023 1075 2087 eir

121 2119 224 2192 potest
237 2108 354 2190 aliquid
368 2129 434 2171 esse
450 2107 617 2173 laudabile.

163 2192 294 2256 Justitiae
323 2193 469 2256 convenit
497 2214 586 2256 suum
613 2193 727 2276 cuique
749 2190 888 2270 reddere,
916 2191 1076 2256 beneficio
1183 2209 1184 2224 ¹

29 2285 32 2290 ’
120 2277 263 2363 gratiam,
278 2277 396 2362 injuriae
412 2276 570 2341 talionem.

164 2361 263 2426 Ponat
277 2381 438 2445 personam
454 2363 546 2425 amici
561 2361 609 2427 vel
624 2360 752 2439 inimici,
763 2364 816 2444 qui
828 2361 943 2449 judicis
957 2359 1076 2424 induit:

121 2467 242 2529 semper
252 2447 334 2510 enim
351 2446 473 2541 iniquus
487 2457 535 2510 est
547 2447 641 2532 judex
655 2448 708 2528 qui
723 2458 777 2511 aut
788 2447 905 2512 invidet
915 2457 969 2508 aut
980 2445 1073 2511 savet.
1182 2467 1183 2510 l

141 2531 231 2676 ffisstui
256 2529 386 2616 adipisci
411 2551 513 2594 voram
534 2531 664 2618 gloriam
679 2531 754 2610 vult,
776 2533 902 2618 justitiae
928 2530 1076 2615 fungatur

121 2635 141 2677 Ο
163 2637 300 2796 (gilhiem
321 2699 366 2798 ris
386 2721 454 2766 esse
477 2701 647 2786 proximum
669 2714 755 2767 tuum
776 2701 844 2780 tibi,
865 2697 937 2766 talis
952 2710 1020 2764 esto
1041 2709 1076 2764 et

121 2795 157 2848 tu
171 2795 231 2847 turs
245 2786 400 2868 proximis.
714 2799 720 2804 “

164 2867 260 2940 Quod
275 2870 339 2954 pati
353 2891 416 2934 non
430 2871 475 2935 vis
490 2872 531 2936 ab
545 2870 617 2950 alio,
632 2893 733 2958 neque
748 2872 781 2936 id
795 2870 902 2935 iacias.

498 2981 696 3037 tresanus.
793 3049 797 3056 ,

165 3071 269 3137 Nemo
283 3071 362 3135 liber
375 3083 432 3149 est,
447 3072 504 3136 nisi
520 3073 572 3156 qui
587 3074 645 3138 sibi
661 3074 801 3156 imperat.

163 3156 258 3220 Liber
271 3166 319 3219 cst
333 3156 386 3238 qui
409 3157 510 3240 seipso
533 3169 581 3220 est
605 3169 780 3235 contentus,
794 3167 828 3222 et
845 3177 885 3222 ex
898 3175 931 3220 se
946 3155 1078 3240 pendet,
1180 3203 1181 3210 κ

121 3259 184 3303 nou
198 3259 236 3302 ex
251 3239 375 3303 alterius
390 3241 517 3304 arbitrio
530 3254 562 3304 et
576 3242 716 3326 imperio.

164 3323 261 3386 Nulla
274 3325 414 3407 voluptas
428 3323 499 3387 viris
514 3327 655 3410 ingenuis
676 3338 723 3391 est
737 3327 881 3392 libertate
896 3327 1031 3392 suavior.

164 3405 259 3470 Liber
281 3418 329 3471 est
351 3408 550 3474 aestimandus
577 3411 630 3493 qui
657 3411 734 3476 nulli
756 3412 938 3496 turpitudini
960 3411 1077 3492 servit3

122 3508 215 3575 quem
229 3494 380 3574 superbus
395 3513 457 3556 non
471 3495 558 3559 inflat
572 3495 703 3560 animus.
