2386 3822
595 150 642 222 65

146 330 277 414 pertinit,
291 339 325 393 et
338 330 461 414 insuper
480 331 601 400 divitias
622 342 656 396 et
676 329 817 416 gloriam,
831 349 907 414 quas
928 349 991 394 non
1016 328 1094 412 peti-

148 427 223 493 erat,
238 413 365 478 addidit.

589 544 659 602 131.

188 657 337 721 Salomon
372 657 520 740 templum
558 659 697 723 immensi
734 658 836 740 operis
871 654 1093 740 Hierosolyma

146 742 332 889 aedgficavit:
353 742 457 805 omnia
471 763 555 819 auro,
569 754 708 827 argento,
724 741 916 828 gemmisque
938 741 969 804 in
983 761 1022 804 eo
1036 736 1094 802 ful·

169 835 188 890 e'
211 837 274 889 ant.

145 848 168 910 g
190 911 227 972 ln
242 910 301 973 hoc
315 911 432 993 templo
446 929 519 972 arca
532 909 654 974 soederis
668 909 823 974 collocata
837 921 894 974 est.

104 1023 107 1030 ⁴
190 993 291 1057 Vicini
306 1014 396 1076 reges
410 994 452 1057 ob
466 1005 583 1057 tantam
604 994 762 1076 sapientiae
786 995 898 1056 famam
920 1013 992 1055 cum
1006 990 1095 1056 Salo-

146 1099 238 1142 mone
253 1079 420 1141 amicitiam
430 1077 607 1161 junxemnt,
621 1079 782 1160 foedusque
797 1079 947 1142 secemnt.

188 1162 311 1248 Regina
333 1163 427 1225 Sabae
449 1183 515 1309 eppa
536 1163 653 1226 visendi
668 1163 782 1246 cupida
803 1163 915 1226 finibus
937 1160 1025 1244 regni
1046 1159 1093 1222 sui

144 1249 287 1324 excessit,
301 1247 446 1328 venitque
494 1246 717 1332 ierosolymam.

169 1331 356 1478 “Relffinabat
379 1331 526 1394 Salomon
549 1332 581 1394 in
606 1331 723 1396 summa
735 1351 826 1414 pace,
845 1331 956 1413 opibus
970 1340 1004 1394 et
1016 1327 1093 1392 deli-

146 1436 205 1478 cns
271 1435 356 1478 uens.

583 1542 653 1600 132.

187 1660 300 1724 Postea
313 1661 460 1724 Salomon
481 1658 631 1742 voluptati
646 1679 679 1722 aa
701 1657 787 1722 dedit
803 1680 811 1720 ε
832 1654 909 1720 nihil
923 1609 1014 1738 pirrro
1028 1665 1093 1718 tam

145 1745 305 1808 inimicum
318 1757 366 1809 est
379 1742 482 1807 virtuti
504 1745 596 1826 quam
616 1742 776 1826 voluptas;
797 1741 902 1823 itaque
923 1740 1024 1806 amisit
1045 1760 1093 1804 sa·

129 1831 304 1912 ,pientiam

188 1913 335 1977 Mulieres
349 1925 472 1991 exterae,
487 1933 562 1994 quas
577 1910 739 1988 adamavit,
753 1931 825 1976 emn
845 1913 908 1996 jam
930 1931 1036 1974 senem
1052 1907 1092 1971 ad

145 1998 223 2061 ritus
236 1998 367 2080 gentiles
382 2007 602 2081 pertraxerunt.

188 2082 312 2152 Quibus
326 2082 418 2145 rebus
431 2079 567 2144 offensus
587 2079 672 2142 Deus
688 2098 812 2161 poenam
826 2077 870 2140 illi
884 2075 1092 2153 denunciavit,

144 2167 267 2232 scilicet
282 2167 345 2230 sore
360 2176 394 2230 ut
408 2184 537 2248 regnum
550 2163 665 2248 majore
680 2183 718 2226 cx
737 2172 824 2245 parte
839 2161 902 2225 filio
915 2161 982 2245 ejus
996 2161 1093 2224 adim-

143 2263 246 2316 eretur
259 2263 292 2316 et
306 2271 394 2314 servo
408 2249 586 2326 traderetur,
601 2258 694 2330 atque
710 2247 754 2310 ita
768 2245 883 2309 factum
897 2256 954 2309 est.

520 2362 522 2366 '
589 2391 660 2450 raa.

189 2511 346 2575 Salomoni
366 2509 546 2574 Roboamus
567 2509 647 2574 filius
677 2508 847 2572 successit:
878 2505 904 2568 is
933 2505 1093 2590 imperium

145 2596 240 2678 culpi
253 2595 381 2679 paterna
391 2596 455 2678 jam
468 2605 580 2658 nutans
594 2593 722 2657 stultitia
735 2593 790 2655 sua
803 2591 923 2655 evertit.

189 2679 336 2744 Salomon
359 2677 476 2762 populo
497 2677 633 2761 vectigal
654 2677 864 2761 gravissimum
886 2675 1094 2758 imposuerat3

144 2766 229 2848 quod
257 2783 334 2827 onus
361 2783 456 2846 quum
477 2763 609 2847 populus
641 2762 772 2826 tolerare
794 2781 857 2824 non
879 2771 994 2842 posset,
1015 2758 1093 2824 illud

145 2849 289 2934 poposcit
302 2847 453 2911 imminui.

188 2934 310 3016 Regem
330 2931 498 2996 monebant
520 2951 609 2994 senes
630 2940 664 2993 ut
685 2927 802 3012 populo
823 2928 1023 3003 satisfaceret,
1045 2925 1093 3010 ju-

145 3039 238 3080 venes
253 3019 324 3080 verri
338 3015 567 3079 dissuadebant.

186 3099 377 3177 Roboamus‚
400 3099 567 3182 aequalium
590 3098 721 3164 consilio
744 3119 826 3174 usus,
841 3095 957 3181 populo
979 3092 1091 3158 acerbe

142 3185 312 3269 respondit,
326 3185 453 3270 ejusque
467 3183 706 3268 postulationem
720 3183 838 3267 rejecit.

582 3326 652 3385 134.

186 3449 300 3514 Exorta
314 3460 362 3514 est
383 3450 514 3597 sgdptio:
534 3448 645 3514 decem
666 3447 762 3512 tribus
783 3467 802 3509 a
822 3445 987 3511 Roboamo
1007 3445 1092 3509 defe-
