2386 3822
199 538 486 622 EXEMPLA
529 535 967 620 MlscuLLANuA.

533 805 631 816 ιιι-..ιιι-

156 959 320 1023 Arusnnus
333 957 423 1022 olivae
437 957 576 1022 inventor
589 955 681 1022 firisse
695 958 816 1022 dicitru.

155 1043 270 1108 Verum
283 1043 378 1105 decus
392 1043 424 1105 in
437 1042 548 1105 virtute
563 1043 696 1124 positum
710 1053 766 1106 est.

155 1127 256 1192 Vitem
271 1125 411 1190 fertilitas
424 1127 629 1202 commendat,
644 1145 734 1208 sapor
746 1127 859 1190 tinum.

108 1225 111 1234 '
154 1211 250 1274 Tardi
264 1222 297 1274 et
310 1210 459 1274 indociles
474 1221 546 1272 sunt
559 1209 671 1292 saepius
684 1211 878 1276 admonendi.

155 1295 259 1359 Virtus
280 1294 356 1358 nihil
370 1294 562 1376 inexpertum
576 1293 729 1377 relinquit.

155 1379 246 1444 Falsa
260 1379 317 1441 sub
331 1378 434 1462 specie
449 1378 511 1440 veri
527 1377 633 1442 latent.

156 1463 279 1526 Helena
293 1483 388 1524 causo
402 1461 459 1523 firit
471 1461 546 1524 belli
559 1461 696 1546 Trojani.

156 1546 305 1613 Villarum
319 1545 455 1609 culmina
469 1545 596 1610 fumant

158 1717 314 1800 Accipere
327 1717 418 1798 quam
433 1715 536 1780 lacere
546 1728 670 1799 prestat
682 1717 833 1804 injuriam.

158 1801 331 1883 Elephanto
344 1800 515 1864 belluarum
527 1801 614 1864 nulla
626 1815 674 1866 est
687 1803 874 1898 prudentior.

156 1886 259 1948 Tenet
273 1886 400 1966 quisque
415 1883 518 1948 locrun
532 1906 624 1966 quem
636 1901 757 1950 meruit.

157 1969 305 2052 Romanis
317 1969 406 2032 multi
420 1969 542 2031 luerunt
556 1969 731 2034 Alexandro
745 1993 843 2054 pares.

158 2053 278 2117 Vacare
293 2052 384 2134 culpa
396 2051 562 2115 maximum
575 2065 623 2115 est
636 2054 788 2117 solatium.

159 2137 242 2200 Vitia
256 2137 344 2200 nobis
358 2136 415 2198 sub
429 2135 572 2198 virtutum
586 2138 709 2202 nomine
724 2140 884 2222 obrepunt.

158 2220 280 2284 Frustra
294 2220 421 2295 laborat,
436 2218 488 2300 qui
499 2220 640 2284 omnibus
654 2221 777 2304 placere
791 2224 903 2288 studet.

159 2305 270 2369 Parum
280 2315 347 2368 tuta
359 2304 501 2388 majestas
515 2304 581 2368 sine
594 2306 708 2370 viribus
722 2318 779 2372 est.

160 2475 252 2559 Saepe
266 2474 324 2538 sub
339 2473 434 2558 pallio
447 2474 570 2539 sordido
583 2475 735 2558 sapientia
746 2488 804 2541 est.

159 2559 242 2623 Inter
255 2560 411 2623 dominum
425 2569 458 2622 et
471 2579 590 2622 servum
603 2561 689 2623 nulla
702 2561 837 2625 amicitia
849 2573 907 2626 est.

160 2643 277 2727 Magna
290 2644 374 2706 navis
386 2663 529 2726 magnam
544 2642 749 2708 fortitudinem
763 2645 868 2709 hebet.

160 2729 347 2810 Eloquentia
360 2728 494 2790 omniurn
508 2728 618 2793 artium
632 2739 680 2792 est
690 2730 826 2794 domina.

160 2813 260 2876 Prima
269 2812 356 2876 navis
370 2811 427 2874 fuit
439 2810 526 2874 alnus
539 2824 656 2876 cavam.

160 2897 320 2978 Optimum
333 2907 382 2960 est
395 2896 458 2977 pati
472 2896 555 2978 qnod
569 2917 631 2960 non
645 2898 742 2980 possis
755 2899 928 2964 emendare.

161 2981 244 3048 Quae
259 2981 347 3043 nimis
362 2991 511 3062 apparent
525 2981 602 3043 retia
615 2981 690 3044 vitet
703 2983 776 3046 avis.

159 3065 257 3128 Gitilrs
270 3065 353 3127 venit
366 3064 535 3148 periculum
549 3065 632 3147 quod
646 3067 859 3132 contemnitur.

141 3283 143 3290 ,
160 3231 278 3297 Omnes
292 3233 426 3316 antique
441 3244 551 3318 gentes
564 3233 688 3318 regibus
701 3248 876 3319 penserunt.

161 3316 274 3382 Nullus
284 3317 372 3382 locus
385 3319 474 3382 nobis
487 3319 608 3383 dulcior
621 3341 687 3384 esse
701 3322 796 3385 debet
809 3320 915 3405 patrirl.

161 3403 253 3466 Rosae
268 3401 388 3486 fulgent
401 3402 481 3468 inter
495 3402 559 3468 lilia
572 3405 685 3468 mirtae.

162 3483 331 3570 Scopulum
347 3487 449 3552 navita
461 3488 547 3554 vitet.
592 3489 669 3554 Ossa
683 3489 809 3574 tegebat
823 3489 941 3556 humus.
