2386 3822
519 149 640 258 cn

140 363 240 432 lantes
267 367 416 432 victorem
439 368 601 433 deducunt
622 368 663 431 ad
684 367 819 432 urbem:
849 366 926 450 ipsoe
947 365 1097 432 mulieres
1140 389 1143 394 ·

138 450 283 516 domibus
296 473 429 538 egressae
444 475 517 517 cum
530 453 686 538 tympanis
700 452 809 516 laudes
823 452 890 536 ejus
904 453 1075 517 canebant.

181 537 302 602 Tantus
324 538 431 622 populi
457 538 542 605 favor
565 537 713 602 invidiam
738 537 840 600 Saiilis
862 537 1020 615 accendit,
1042 538 1096 620 qui

138 621 288 706 deinceps
310 623 465 688 malevolo
490 623 548 686 fuit
569 624 602 686 in
633 621 786 686 Davidem
808 622 922 700 animo,
950 643 1011 688 nec
1031 622 1098 708 jam

138 727 210 772 erun
224 708 369 794 benignis
382 709 484 772 oculis
497 707 681 792 aspiciebat.

180 792 290 878 Longis
313 793 376 858 alia
396 794 456 858 fuit
474 815 563 858 mens
584 793 639 858 lilii
665 792 732 877 ejus
753 790 918 856 Jonathm:
950 791 1098 857 virtutem

137 877 266 944 Davidis
288 879 452 957 admirans,
484 876 572 943 illum
607 877 756 963 singulari
786 898 890 942 amore
912 876 1101 961 complexus

137 972 195 1042 est,
209 984 328 1049 suoque
342 964 458 1044 balte0,
472 985 559 1044 arcu,
572 975 605 1030 et
618 962 726 1050 gladio
739 962 876 1028 donavit.

581 1088 653 1148 115.

180 1202 255 1268 Saul
287 1202 396 1268 victori
428 1201 524 1269 filiam
545 1225 634 1268 suam
655 1201 865 1286 spoponderat
885 1219 1036 1281 uxorem3
1065 1211 1104 1264 at

138 1287 294 1371 promissis
307 1310 370 1353 non
393 1288 488 1367 stetit,
502 1309 676 1370 novamque
691 1285 904 1351 conditionem
926 1285 1105 1370 propost

137 1371 164 1436 si
177 1393 290 1456 nempe
304 1373 406 1440 David
420 1385 548 1439 centruu
562 1373 737 1438 Philistaecs
751 1371 968 1448 interfecisset.

179 1457 268 1522 Malo
305 1459 409 1524 animo
445 1458 476 1522 id
512 1458 650 1524 faciebat
685 1480 739 1522 rex
773 1457 916 1538 invidus3
951 1457 1102 1541 sperabat

137 1542 262 1609 scilicet
289 1544 436 1630 juvenem
457 1545 612 1610 audacem
636 1543 729 1610 facile
759 1542 949 1628 periturum
980 1553 1014 1606 at
1041 1563 1105 1606 sua

137 1649 210 1692 eum
224 1650 296 1713 spes
310 1629 435 1696 delusit

180 1714 214 1778 N
216 1735 266 1778 am
280 1715 391 1792 David,
405 1714 519 1778 occisis
533 1715 677 1779 ducentis
690 1713 867 1792 Philistaeis,
878 1713 959 1778 redit
970 1711 1104 1791 illaesus,

138 1808 233 1882 atquc
247 1799 293 1864 ita
306 1800 388 1886 regis
402 1799 498 1864 filiam
512 1800 544 1866 in
557 1801 787 1865 matrimonium
802 1799 938 1883 accepit.

583 1927 653 1988 116.

180 2025 292 2105 David,
306 2037 341 2092 ut
355 2027 432 2093 vidit
452 2025 686 2112 implacabilem
707 2049 776 2092 esse
799 2026 902 2091 Sutilis
924 2024 957 2090 in
975 2045 1009 2090 se
1031 2026 1099 2092 ani-

16 2189 18 2192 ,
137 2132 233 2190 mum,
247 2112 381 2179 excessit
395 2111 476 2191 aulb,
491 2123 524 2178 et
538 2112 737 2179 solitudinem
752 2113 854 2198 petiit.

182 2196 256 2262 Saiil
279 2197 368 2262 illum
388 2211 570 2284 persecutus
591 2209 657 2280 est3
678 2210 720 2277 at,
744 2198 815 2264 Deo
837 2197 971 2276 favente,
995 2196 1102 2262 David

138 2280 256 2380 inimici
274 2304 384 2347 manus
398 2283 519 2368 effugit,
544 2294 578 2348 et
599 2283 665 2367 ipse
681 2282 784 2348 Saulis
797 2283 893 2348 vitam
913 2303 978 2348 non
999 2283 1102 2348 semel

16 2421 18 2430 ,
138 2379 281 2432 servavit.
454 2413 464 2432 .

181 2453 257 2518 Erat
269 2453 302 2518 in
323 2453 448 2518 deserto
468 2453 619 2538 spelunca
643 2464 731 2519 vasto
754 2475 880 2520 recessu
902 2463 1031 2538 pateus:
1054 2453 1102 2519 ibi

26 2551 29 2575 ⁸
138 2538 240 2602 David
254 2559 327 2604 cum
341 2538 404 2602 suis
415 2539 582 2604 comitibus
595 2540 628 2604 in
643 2538 787 2605 interiore
802 2552 889 2624 parte
905 2540 1036 2604 latebat.

181 2623 272 2688 Forte
298 2623 373 2688 Saiil
395 2623 479 2688 solus
498 2625 632 2689 inillam
654 2625 837 2708 speluncam
860 2627 1018 2710 ingressus
1040 2635 1104 2704 est,

137 2729 198 2774 nec
214 2707 345 2774 latentes
360 2709 446 2788 vidit,
460 2731 688 2796 oppressusque
702 2733 812 2776 somno
826 2710 954 2794 quievit.

181 2793 238 2858 Sui
268 2794 421 2860 Davidem
449 2796 580 2863 comites
609 2797 813 2862 hortabuntur
833 2808 870 2861 ut
889 2805 1103 2879 opportunam

137 2877 240 2944 Saulis
262 2879 469 2946 interficiendi
492 2883 693 2948 occasionem
717 2882 888 2966 arriperet;
917 2881 974 2946 sed
996 2879 1104 2946 Dauid

136 2965 247 3044 noluit,
261 2987 358 3048 quum
372 2966 497 3051 impune
513 2979 629 3051 posset,
643 2968 804 3034 inimicum
817 2967 976 3032 occidere.

585 3097 655 3154 117.
1169 3115 1171 3268 Ι

180 3191 303 3256 Motum
323 3202 371 3258 est
391 3214 494 3258 rursus
508 3193 626 3260 bellum
648 3215 722 3260 curu
743 3192 907 3260 Philistoeis
918 3215 931 3276 ς
950 3191 1104 3258 adversus

138 3290 216 3357 quos
231 3278 305 3341 Saul
320 3298 393 3342 cum
408 3278 547 3343 exercitu
562 3279 725 3362 processit.

180 3359 353 3456 Commissi
367 3363 481 3448 pugni,
495 3363 625 3429 Hebraei
640 3363 699 3429 fusi
714 3377 806 3431 sunt:
820 3375 882 3432 tres
897 3362 952 3430 filii
967 3363 1105 3448 regiam

140 3465 209 3508 acre
224 3447 417 3512 ceciderunt.

183 3529 257 3594 Saiil
280 3530 346 3614 ipse
368 3551 407 3596 ex
428 3554 509 3615 equo
530 3533 685 3619 delapsus,
700 3557 740 3604 ne
762 3537 847 3602 vivus
862 3538 893 3604 iu
909 3545 1104 3622 potestatem
