2380 3832
581 171 629 242 96

133 355 279 422 offense,
313 353 551 420 Nobilissimum
572 353 719 418 vindicte
739 373 838 438 genus
853 363 916 417 est
947 371 1086 436 parcere,

132 453 165 506 et
178 440 374 506 benefacere.

175 526 293 590 Multos
314 523 485 590 vindicisse
515 521 671 608 poenituit,
699 523 858 588 neminem
887 522 1088 606 pepercisse:

133 611 223 675 venia
237 608 319 674 mitis
333 620 380 673 est
395 608 522 704 ingenii,
537 606 614 669 ultio
628 617 732 670 autem
747 606 847 672 ferini.
939 621 942 631 “

134 777 141 792 .
169 693 267 792 'Pejus
291 693 501 791 estinjuriam
525 691 629 788 facere
653 693 745 788 quim
770 691 859 756 ferre.
903 689 1017 756 Melius
1038 703 1088 756 θεῖ

133 799 274 864 rujuncm
289 799 432 861 accipere
447 777 536 858 quim
552 776 672 840 ulcisci.

493 917 704 974 FELICITAS.

175 1033 283 1098 Miseri
304 1041 375 1094 sunt
390 1050 468 1112 quos
483 1028 593 1114 vulgus
606 1028 715 1092 beatos
726 1029 855 1113 judicet,
870 1039 903 1092 et
916 1049 979 1092 non
993 1028 1090 1112 pauci

133 1118 217 1182 beati
240 1137 317 1199 quos
340 1115 524 1178 miserrimos
551 1123 649 1198 putat.
706 1113 795 1178 Beati
820 1124 891 1177 suut
910 1134 988 1197 quos
1009 1113 1090 1177 nulli
1185 1191 1186 1196 γ

132 1215 232 1266 metus
254 1211 379 1278 terrent,
393 1199 488 1263 nullm
510 1196 711 1283 aegritudines
724 1201 870 1276 exedunt,
884 1198 979 1262 nullm
995 1197 1095 1262 libid·
1185 1225 1186 1248 1

133 1286 200 1349 ines
213 1287 365 1349 cruciant.

175 1370 231 1435 Vir
244 1371 367 1454 sepiem
380 1379 413 1432 et
425 1368 526 1432 bonus
540 1367 729 1450 ubicumque
743 1368 853 1434 vixerit
866 1368 940 1432 felix
955 1378 1013 1432 est.

175 1453 258 1518 Raro
280 1455 345 1518 ulla
364 1455 455 1518 datur
484 1451 626 1529 felicitas,
656 1453 708 1516 cui
738 1475 800 1518 non
829 1464 878 1518 est
904 1453 1094 1538 adjunctum

133 1539 249 1620 aliquid
264 1538 462 1604 incommodi.

175 1623 304 1692 Quanto
318 1624 415 1708 major
428 1632 476 1686 θεῖ
491 1619 621 1700 fortuna,
636 1623 722 1686 tnntb
736 1623 836 1687 minsis
850 1643 960 1686 secura
975 1635 1031 1686 θεῖ.

175 1707 272 1772 Nulla
303 1707 469 1772 adversitas
490 1727 562 1770 eum
584 1707 709 1793 dejecit,
732 1728 825 1790 quem
845 1706 932 1772 nulla
953 1707 1094 1772 felicitas

133 1794 313 1876 corrumpit.

175 1959 340 2045 Sapienter
359 1963 501 2046 cogitant
524 1962 576 2044 qui
607 1961 797 2046 temporibus
827 1962 972 2026 secundis
994 1981 1093 2027 casus

132 2045 275 2109 adversos
290 2047 498 2110 reformidant.

175 2129 306 2214 Semper
320 2132 463 2199 hummae
479 2131 597 2196 laetitiae
612 2131 734 2196 tristitia
747 2131 910 2216 repentina
930 2132 1085 2208 succedit,

131 2225 165 2278 et
176 2218 262 2310 quod
283 2215 402 2300 incepit
422 2238 441 2279 a
458 2217 584 2312 gaudio,
598 2215 711 2282 desinit
725 2217 758 2280 in
778 2237 928 2280 moerore:
949 2214 1092 2281 felicitas
1185 2299 1186 2302 Ἴ

131 2319 184 2381 qm
207 2321 246 2382 pe
261 2301 366 2366 multis
380 2321 489 2367 amans
504 2312 552 2367 est
565 2322 715 2384 resperso.
1185 2353 1186 2388 ,

200 2384 331 2467 lerisque
355 2385 448 2449 fatale
470 2397 518 2448 θεῖ
538 2406 696 2468 nunquam
717 2384 748 2450 in
763 2385 855 2450 rebus
876 2387 1021 2452 secumdis
1034 2407 1092 2451 sa·

131 2487 340 2619 peliiflicilius
360 2565 408 2618 cst
429 2553 585 2620 hominem
616 2557 750 2640 reperire
775 2556 827 2638 qui
849 2577 898 2620 res
919 2556 1089 2634 secundas,
1185 2523 1186 2550 ἶ

82 2659 88 2668 ·
131 2637 221 2717 quim
236 2639 289 2720 qui
304 2640 446 2702 adversas
460 2641 544 2703 recte
560 2640 647 2703 feret.

130 2719 383 2870 ίἃῑξῖθὲῖῐίῖθῐεεε,
397 2724 442 2788 sic
456 2725 609 2790 secundas
623 2746 671 2790 res
689 2725 889 2792 immoderate
905 2726 993 2803 ferre,
1009 2725 1085 2790 levi-
1185 2819 1186 2824 γ

174 2853 319 2956 Socrrites
333 2878 680 2978 interrogatus-Utrum
704 2896 864 2960 Persarum
885 2916 938 2960 rex
951 2917 1089 2982 magnus
1185 2885 1186 2940 ἶ

131 2973 203 3038 felix
232 2986 324 3040 θεεθῖ.
382 2977 502 3057 Nescio,
531 2979 640 3060 inquit,
655 3003 695 3044 cu
719 2981 847 3044 cnidum
870 2979 999 3067 ctjmtus
1020 2980 1059 3044 sit
1073 3003 1088 3043 .··
1185 3013 1186 3018 θ

128 3057 161 3124 iu
174 3059 226 3124 ltoo
236 3061 313 3126 onim
326 3061 580 3149 lominicfels'citm
592 3065 731 3130 emistis.

448 3205 751 3262 TACITURNITAS.

170 3309 257 3374 Nihil
272 3314 361 3394 mque
377 3314 502 3396 prodest
525 3317 618 3399 quim
638 3316 798 3384 minimum
818 3337 891 3382 cum
905 3316 974 3382 aliis
996 3315 1087 3402 loqui

128 3399 160 3454 et
174 3391 337 3472 plurimum
351 3419 467 3482 secum.

170 3475 206 3538 ln
221 3477 281 3540 hoc
296 3481 451 3556 incumbe,
468 3494 501 3546 ut
525 3484 668 3550 libentius
690 3487 798 3550 audias
820 3489 910 3570 quim
933 3487 1083 3572 loquaris.
