2386 3822
583 177 629 250 85
691 239 692 242 ,

491 441 715 496 nummulis.

147 633 154 646 ·
171 545 325 612 Virtutum
346 547 578 616 firndamentum
598 561 645 616 est
667 551 841 634 humilitus;
862 551 922 638 qud
945 551 1074 631 sublati,

126 643 272 697 virtutum
286 636 489 719 congregatio
502 655 564 700 non
578 637 635 700 nisi
651 635 738 698 ruina
752 646 808 699 est.

170 717 338 781 Humilitus
352 718 418 782 sola
432 721 471 782 ad
485 719 667 804 dignitatem
681 720 731 782 via
744 732 802 784 est.

169 801 386 866 Humilitatem
399 823 518 887 gerere,
532 806 603 868 clun
624 825 672 868 res
697 806 801 868 arduae
823 816 975 889 premunt,
989 807 1075 870 nulla

126 897 176 950 est
197 885 445 967 commendati03
474 889 554 952 inter
578 899 682 954 autem
705 911 753 952 res
777 891 907 958 maxime
923 891 1075 956 secundas

126 971 197 1035 vela
217 970 369 1052 superbias
384 971 555 1052 demittere,
570 994 719 1036 summam
732 986 866 1037 meretur
881 973 1013 1038 laudem.

125 1139 149 1204 h
171 1055 210 1151 Si
214 1055 294 1202 ¹quid
314 1053 434 1138 insigne
456 1055 574 1142 erigere
596 1057 682 1136 velis,
697 1057 930 1123 fundumentum
955 1059 1022 1144 ejus
1035 1059 1076 1124 sit

149 1161 212 1203 umr
225 1152 294 1203 itas.

169 1225 243 1289 Plus
256 1236 303 1288 est
313 1223 449 1289 animum
462 1225 640 1310 deposuisse
655 1227 747 1308 quim
760 1225 877 1292 cultum
889 1251 898 1308 3
919 1225 1074 1308 difficilius

120 1309 312 1394 arrogantie,
325 1311 418 1393 quim
431 1331 507 1374 auro
521 1331 672 1388 caremus,
686 1322 740 1376 aut
752 1311 892 1395 gemmis.

482 1479 722 1536 assluul'uns.

168 1609 291 1674 Crebris
312 1609 426 1674 ictibus
448 1608 591 1694 dejicitur
614 1631 770 1692 quercus3
791 1629 850 1674 uec
873 1620 920 1674 est
940 1609 1074 1674 ollares

119 1703 200 1757 ,actu
214 1705 277 1759 tam
292 1695 394 1770 ardua,
409 1713 502 1775 quam
516 1716 579 1759 nou
592 1695 717 1758 assidua
731 1694 880 1758 industria
893 1693 1019 1759 efficiat.

169 1777 357 1842 Eruditionis
371 1779 490 1842 radices
505 1791 576 1842 sunt
590 1779 713 1862 quidem
728 1779 801 1842 satis
820 1799 942 1857 amarae,
958 1779 1074 1844 fructus

124 1873 232 1928 autem
246 1862 450 1926 dulcissimus.

169 1947 341 2010 Literarum
369 1947 470 2010 studia
502 1969 556 2030 per
587 1970 620 2011 se
649 1949 788 2032 jucunda
808 1959 889 2026 sunt,
909 1947 1073 2030 multiplici

124 2030 211 2095 enim
224 2032 380 2116 voluptate
395 2053 502 2096 curam
516 2042 651 2096 nostram
665 2043 698 2094 et
712 2031 849 2096 laborem
860 2045 1073 2115 compensant.

169 2117 235 2184 Qui
249 2117 281 2180 in
296 2117 452 2198 praeclaris
466 2117 558 2180 rebus
579 2129 666 2179 stram
691 2115 871 2179 industriam
889 2127 1023 2192 exercet,
1038 2115 1073 2192 is,

122 2200 175 2348 pel
189 2201 216 2348 di
231 2222 318 2283 spem
332 2200 454 2264 fortuna
468 2201 600 2278 frunret,
614 2199 698 2266 omni
720 2200 811 2264 laude
832 2221 895 2266 non
909 2211 956 2264 est
969 2199 1075 2264 exclu-

148 2305 188 2348 en
210 2307 257 2347 us.
393 2318 396 2324 ,

169 2369 290 2432 Pudeat
302 2389 366 2449 vos,
381 2369 434 2453 qui
455 2369 561 2434 Musas
582 2369 694 2447 colitis,
717 2371 819 2434 tardos
843 2391 911 2434 esse
935 2379 969 2434 et
991 2369 1075 2454 supi·

124 2475 202 2534 uos3
224 2455 297 2536 quin
313 2457 413 2538 potiris
427 2456 608 2518 immensum
624 2465 751 2538 pectore
765 2453 859 2518 robur
873 2453 958 2518 alite.

502 2623 702 2680 PROMISSA.

168 2731 253 2800 Quae
267 2741 414 2814 praestare
428 2729 517 2807 nolis,
529 2751 605 2794 cave
618 2751 658 2792 ne
673 2729 842 2812 promittas.
887 2729 973 2795 Priirs
982 2731 1075 2814 quim

124 2817 296 2900 promittere,
310 2815 468 2894 delibera3
483 2814 619 2878 sederim
631 2813 813 2898 promiseris,
825 2813 921 2879 tacut
935 2828 1074 2899 praestes.

170 2899 418 2963 Fundamentum
429 2899 554 2982 justitiae
576 2909 624 2962 est
645 2899 743 2979 fides;
764 2899 917 2963 dictorum
939 2919 1074 2963 conveu·

125 2995 275 3068 tuumque
290 2985 510 3048 constentiaet
520 2984 645 3047 ueritas.
978 3021 981 3027 ·

168 3069 283 3134 Omnia
298 3069 431 3151 perdidit
446 3068 498 3150 qui
513 3069 606 3132 tidem
621 3068 764 3152 perdidit.

167 3153 292 3217 Parthis
317 3152 402 3218 nulla
430 3153 507 3216 fides
535 3152 595 3216 nisi
623 3155 770 3235 quantum
788 3151 933 3238 expedit,
962 3149 1074 3236 quibus

125 3239 243 3303 utilitas
257 3249 306 3301 est
320 3258 439 3319 semper
453 3238 515 3301 lide
530 3237 674 3302 sanctior.

168 3323 261 3387 Fides
274 3319 361 3386 aaut
373 3323 403 3385 vi
417 3323 458 3386 ud
472 3321 641 3388 nuendum
659 3323 790 3408 cogitur,
805 3319 891 3388 nullo
905 3321 1075 3408 comunpi-

127 3419 174 3472 tur
188 3407 328 3490 praemio.

169 3493 232 3556 Fac
246 3513 370 3576 magna,
385 3491 428 3554 nil
443 3493 547 3577 magni
563 3493 754 3580 promittens.
