2386 3822
587 183 635 256 79

177 363 253 432 Non
267 361 381 430 uiribus
394 377 448 432 aut
460 328 627 432 velociora
639 383 802 452 corporum
823 386 872 430 res
888 383 1011 450 magne
1024 383 1080 450 ga-

135 461 253 514 runtur.

178 533 295 617 Magna
307 555 378 618 pars
390 533 548 602 borninum
568 544 709 616 estque
731 552 795 600 non
815 532 954 618 peccatis
974 534 1080 600 irasci·

136 628 193 696 tur,
207 619 263 682 sed
276 617 489 702 peccantibus.

178 784 251 848 Non
263 783 453 850 convalescit
466 785 571 868 planta
585 806 655 869 quae
670 808 754 871 saepe
769 783 958 850 transfertur.

178 868 236 932 llle
250 869 360 936 beatus
373 881 421 934 est
435 870 488 952 qui
502 870 669 935 crastinum
682 871 765 934 diem
788 869 854 934 sine
874 869 1080 936 solicitatione

134 964 343 1102 exiiicbudbum
358 1049 433 1120 puta
447 1039 530 1120 quod
544 1049 695 1104 vetustate
710 1040 746 1103 lit
758 1038 878 1102 melius.

178 1121 274 1186 Pauci
287 1123 378 1205 quam
393 1123 473 1187 bene
487 1123 602 1200 vivunt,
617 1125 671 1188 sed
687 1124 842 1206 quamdiu,
856 1133 977 1188 curant.

176 1205 311 1290 Respice
326 1206 358 1269 in
372 1205 475 1271 alieno
488 1207 583 1270 exitio
597 1209 670 1290 quid
685 1228 843 1290 pavescas.

177 1289 267 1354 Evita
281 1290 400 1354 foveam
414 1291 445 1356 in
460 1311 551 1372 quam
566 1290 659 1356 alium
673 1291 822 1355 cecidisse
836 1291 932 1356 vides.

177 1374 354 1458 Discipulus
370 1383 417 1438 est
431 1375 538 1459 prioris
553 1378 702 1458 posterior
715 1375 790 1440 dies.

177 1458 335 1541 Optimum
357 1469 404 1524 est
424 1460 572 1544 majorum
596 1462 683 1545 sequi
698 1460 837 1544 vestigia,
855 1459 880 1523 si
904 1463 988 1526 recte
1003 1484 1081 1548 prar-

133 1545 292 1608 cesserint.

177 1713 263 1778 Nulli
277 1714 450 1780 mortalium
465 1713 623 1778 imitabilis
636 1725 684 1780 est
697 1735 818 1780 aranee
834 1723 964 1780 textura.

177 1797 284 1862 Stellae
298 1799 348 1863 die
364 1799 460 1863 latent
474 1809 506 1863 et
520 1799 592 1864 solis
607 1799 726 1884 fulgore
741 1799 972 1864 obumbrantur.

176 1883 264 1946 Atlas
278 1882 391 1948 coelum
406 1884 467 1946 suis
481 1883 614 1948 humeris
628 1897 750 1968 gestare
765 1883 888 1949 dicitur.

177 1967 349 2031 Autumnus
364 1968 534 2052 speciosam
549 1969 728 2033 varietatem
741 1971 782 2032 ob
797 1967 905 2033 oculos
918 1969 1065 2053 disponit.

177 2051 315 2116 Arcades
330 2072 378 2116 res
391 2051 508 2116 divinas
522 2051 610 2134 primi
625 2053 684 2115 diis
698 2051 848 2114 fecerunt.

177 2136 348 2219 Euphrates
368 2157 407 2200 er
428 2136 574 2200 Armeniis
604 2137 636 2198 in
667 2136 776 2199 Sinum
805 2135 964 2200 Persiorun
994 2135 1079 2200 celer

134 2221 280 2284 decurrit.

176 2303 284 2368 Morus
304 2305 467 2369 novissime
482 2306 645 2389 germinat,
662 2317 694 2370 et
715 2325 788 2368 erun
811 2303 917 2387 primis
937 2303 1012 2370 folia
1032 2305 1079 2369 di·
1184 2355 1185 2362 ,

133 2389 237 2452 mittit.

176 2558 304 2622 Ossibus
325 2557 423 2622 leonis
447 2569 532 2622 tanta
552 2570 600 2623 ast
620 2557 733 2622 duritia
763 2566 798 2620 ut
829 2557 909 2640 ignis
936 2557 1077 2636 elidatur,
1182 2615 1183 2618 ,

133 2652 279 2724 tunrpram
292 2661 313 2705 a
325 2643 423 2706 silice.
1182 2639 1183 2670 ³

176 2725 264 2803 Vitis,
287 2737 322 2790 ut
345 2748 378 2789 se
406 2727 517 2810 erigat·
538 2727 699 2791 claviculis
719 2727 795 2805 suis,
814 2727 963 2812 quicquid
983 2737 1078 2792 nacta

132 2820 189 2886 ert,
204 2809 431 2892 complectitur.

173 2893 278 2958 Pisces
292 2895 414 2958 nuditus
426 2915 486 2958 neo
499 2897 640 2960 membra
653 2895 770 2960 habeut
783 2916 844 2960 nec
857 2895 1018 2961 foramina.

173 2979 260 3042 Zeno
273 2979 413 3043 inventor
425 2990 458 3042 et
472 2980 616 3062 princeps
630 2980 804 3044 Stoicorum
819 2980 886 3046 lirit.

172 3062 294 3126 Mulum
309 3063 469 3146 octoginta
482 3083 578 3126 anuos
596 3063 716 3140 vixisse,
730 3064 966 3129 Atheniensium
988 3081 1076 3129 mou·

130 3147 264 3210 umentis
279 3158 417 3233 apparet.
980 3195 984 3202 .

172 3229 243 3296 Mos
257 3244 325 3296 erat
345 3231 488 3313 antiquis,
509 3231 605 3296 niveis
627 3233 762 3316 atrisque
783 3230 970 3316 lapillulis
990 3229 1076 3298 darn·

129 3335 203 3380 nare
218 3336 297 3394 reos,
311 3317 371 3380 illis
386 3315 545 3380 absolvere
560 3316 662 3400 culpi.

141 3455 145 3462 Ι
171 3483 281 3568 Ignem
295 3484 368 3551 elici
381 3485 520 3552 videmus
532 3447 669 3568 lapidum
682 3487 841 3564 conflictu.
