2386 3822
572 217 621 288 53

166 483 293 549 Hebraei
307 484 497 549 incedebant
518 403 734 566 per9iientem
756 482 887 560 alveum,
908 481 1010 545 donec
1032 477 1072 544 ri-

14 585 15 592 ’
123 583 195 652 pam
209 570 384 651 oppositam
398 567 595 651 attingerent.

165 654 248 716 Tum
262 673 391 716 reversae
407 662 478 714 sunt
492 673 580 734 aquae
596 651 745 715 inlocum
760 649 929 733 pristinum.

166 736 261 800 Josue
276 737 347 799 verb
361 735 526 798 duodecim
541 735 660 818 lapides
674 757 691 799 e
706 735 810 798 medio
825 757 914 798 amne
934 734 1072 798 sublatos

121 821 231 898 erexit,
244 829 282 883 ut
295 831 398 883 essent
413 840 548 903 perenne
562 820 606 883 rei
620 830 863 883 monumentum.

168 904 253 968 Dixit
280 903 442 967 Hebraeis:
470 903 643 984 siquando
668 925 721 966 vos
742 903 997 987 interrogaverint
1018 901 1073 964 lilii

124 989 215 1052 vestri
230 1009 374 1068 quorsum
388 996 509 1072 spectet
533 987 592 1051 ista
610 988 746 1070 lapidum
760 989 934 1070 congeries,
948 1006 1074 1070 respon-

121 1071 258 1136 debitis:
279 1071 365 1134 sicco
379 1073 460 1155 pede
475 1071 648 1155 trajecimus
663 1070 829 1135 Jordanem
845 1071 946 1134 istum.

166 1155 290 1220 Idcirco
314 1155 406 1238 positi
436 1166 507 1218 sunt
536 1155 655 1238 lapides
685 1156 725 1217 ad
754 1156 971 1236 sempiternam
999 1151 1073 1217 facti

122 1241 312 1316 memoriam,
327 1250 362 1303 ut
374 1239 497 1303 discant
511 1251 628 1322 quanta
641 1239 681 1302 sit
694 1239 753 1304 Dei
768 1238 917 1322 potentia.

573 1355 624 1414 94.

166 1451 272 1531 Josue‚
286 1453 416 1518 devictis
430 1456 571 1518 omnibus
585 1454 759 1519 Palaestinae
774 1454 907 1538 populis,
921 1453 1075 1517 Hebraeos

125 1538 157 1601 in
181 1539 263 1620 sede·
279 1539 433 1605 destinati
464 1537 651 1602 collocavit:
680 1560 770 1622 agros
792 1550 825 1602 et
845 1538 961 1621 oppida
982 1548 1076 1620 capta
1131 1539 1140 1558 ·“

122 1621 253 1706 singulis
268 1623 408 1686 tribubus
422 1622 533 1699 divisit,
548 1634 580 1686 et
593 1633 730 1686 mortuus
744 1634 802 1689 est.

166 1707 288 1770 Deinde
303 1727 422 1770 summa
444 1717 580 1788 potestas
601 1707 706 1774 delata
720 1719 767 1771 est
791 1708 831 1772 ad
850 1707 982 1792 judices,
996 1706 1075 1769 inter

124 1811 201 1873 quos
216 1792 372 1854 eminuere
388 1791 529 1867 Gedeon,
545 1793 676 1855 Samson
690 1804 723 1856 et
737 1791 874 1858 Samuel.

119 1937 121 1942 .
167 1875 261 1938 Varia
284 1875 433 1956 deinceps
457 1874 515 1939 fuit
539 1875 743 1940 Hebraeorum
766 1879 887 1942 fortuna
908 1896 964 1959 pro
985 1875 1075 1940 variis

81 1969 83 1978 ‘
124 1978 233 2021 eorum
246 1960 401 2021 moribus:
429 1958 450 2021 ii
472 1981 555 2041 saepe
578 1960 609 2022 in
624 1961 726 2023 Deum
740 1970 968 2046 peccaverunt3
990 1969 1075 2037 tunc,

125 2041 230 2105 divino
245 2043 388 2124 praesidio
402 2042 550 2119 destituti,
566 2044 605 2105 ab
621 2044 760 2106 hostibus
775 2045 1009 2126 superabantur.

167 2127 301 2196 Quoties
324 2127 364 2188 ad
394 2127 496 2190 Deum
529 2127 679 2204 conversi,
701 2129 768 2212 ejus
789 2128 935 2191 auxilium
967 2126 1075 2210 implo-

125 2221 277 2288 raverunt,
292 2211 433 2294 placatus
448 2211 533 2276 Deus
547 2233 601 2274 eos
616 2211 768 2276 liberavit.

167 2399 305 2476 Hebraei,
321 2397 532 2462 aMadianitis
546 2401 656 2477 vexati,
672 2422 763 2484 opem
785 2422 805 2463 a
818 2401 887 2466 Deo
901 2401 1076 2484 petierunt:

125 2483 211 2550 Deus
225 2485 346 2548 illorum
362 2505 472 2566 preces
487 2485 612 2548 audivit.

167 2568 308 2652 Angelus
328 2569 448 2633 adstitit
473 2569 637 2632 Gedeoni:
658 2570 809 2636 Dominus
831 2582 945 2648 tecum,
967 2571 1075 2654 inquit,

125 2654 171 2717 vir
186 2653 358 2716 fortissime.

167 2737 342 2820 Respondit
356 2738 508 2802 Gedeou:
529 2739 556 2801 si
575 2739 661 2804 Deus
675 2739 840 2804 nobiscum
852 2747 910 2818 est,
930 2762 986 2804 eur
1001 2741 1077 2805 dure

125 2822 292 2906 premimur
306 2821 473 2886 servitute?

169 2907 223 2970 Ait
237 2907 385 2990 angelus:
407 2916 508 2970 macte
524 2907 645 2988 animo;
666 2906 813 2974 liberabis
827 2907 976 2992 populum
990 2918 1077 2972 tuum

126 3011 146 3054 a
159 2991 303 3053 servitute
318 2991 568 3054 Madianitarum.

169 3074 307 3138 Nolebat
330 3075 427 3157 primd
441 3075 574 3138 Gedeon
588 3087 707 3141 tantum
723 3099 801 3141 onus
822 3079 1000 3161 suscipere3
1021 3077 1077 3141 sed

124 3157 245 3243 duplici
259 3158 409 3222 miraculo
424 3161 622 3224 confirmatus
637 3183 700 3226 non
714 3162 833 3226 abnuit.

581 3269 632 3328 96.

124 3347 128 3356 ’
167 3347 485 3446 Gedeonpcontracto·
507 3349 656 3446 exercitu,
677 3349 834 3446 profectus
856 3358 904 3413 est
928 3371 1001 3414 cum
1021 3351 1078 3415 du-

125 3433 203 3496 obus
230 3443 263 3496 et
290 3443 418 3518 triginta
444 3432 583 3497 millibus
604 3434 772 3513 hommum,
795 3445 828 3506 et
848 3445 948 3499 castra
969 3435 1078 3499 castris

126 3517 259 3581 hostium
274 3517 432 3665 coniungis
