2386 3822
562 158 611 232 66

112 350 230 419 cerunt,
245 359 413 426 regemque
426 340 486 405 sibi
506 352 691 408 creaverunt
710 340 928 406 Jeroboomum
941 361 961 406 e
974 341 1058 406 tn'bu

112 423 280 508 Ephraimi.
338 427 417 490 Duae
445 427 563 490 tantiun
583 427 681 492 tribus
712 425 744 489 in
780 425 841 490 fide
869 436 1058 504 manserunt,

110 508 234 574 scilicet
247 510 344 574 tribus
358 509 448 574 Judae
462 521 496 576 et
510 511 607 576 tribus
620 509 804 596 Benjnmini.

154 593 208 657 Sic
229 593 292 658 duo
313 615 353 660 ex
372 615 435 659 uno
461 615 558 680 regna
585 593 669 659 facta
695 603 777 673 sunt,
805 593 938 660 alterum·
955 593 1058 673 Judae,

110 675 242 741 alterum
255 675 387 743 Israiilis.

151 759 365 840 Jeroboamus,
379 772 414 827 ut
427 761 578 846 populum
591 783 680 828 suum
701 781 721 826 a
741 762 966 826 consuetudine
979 783 1058 827 eun·

109 845 143 909 di
167 844 414 930 Hierosolymam
438 847 619 926 abduceret,
633 847 788 932 propriam
809 846 990 932 religionem
1011 846 1058 911 eis

109 928 254 1013 instituit,
266 942 300 996 et
313 930 406 996 salsos
419 931 495 998 deos
509 931 669 1016 proposuit
682 930 841 996 colendos.

547 1077 617 1136 135.

154 1189 227 1256 Non
248 1192 303 1256 diu
324 1191 410 1257 stetit
430 1213 560 1276 regnum
580 1192 794 1270 Israblliticum,
809 1191 884 1275 quia
895 1211 1002 1257 omnes
1016 1193 1057 1258 ad

108 1295 206 1340 unum
220 1297 310 1360 reges
324 1276 448 1342 fuerunt
461 1277 557 1361 impii.

152 1360 203 1422 Ad
227 1382 282 1424 eos
295 1361 381 1426 Deus
395 1383 478 1446 saepe
499 1362 583 1425 misit
603 1361 778 1446 prophetas,
800 1358 853 1442 qui
874 1381 929 1424 eos
950 1361 1056 1426 admo-

108 1456 227 1523 nerent,
241 1457 275 1510 et
295 1447 336 1511 ad
355 1467 461 1511 verum
481 1445 600 1510 cultum
621 1454 822 1524 revocarent3
842 1445 898 1508 sed
919 1444 964 1509 illi
985 1466 1056 1528 pro-

109 1527 271 1611 phetarum
285 1531 408 1596 monitis
428 1551 491 1594 non
513 1541 689 1614 paruerunt,
703 1529 765 1593 imo
779 1549 834 1592 eos
847 1529 1055 1609 contumeliis,

109 1615 219 1696 poenis,
232 1627 341 1694 morte,
354 1615 535 1680 affecenmt.

151 1696 259 1766 Quare
280 1701 374 1764 iratus
393 1700 479 1765 Deus
499 1699 570 1764 illos
590 1699 623 1762 in
643 1706 829 1782 potestatem
847 1696 981 1761 hostium
994 1707 1056 1762 tra·

109 1779 206 1846 didit:
226 1783 340 1848 devicti
362 1793 433 1849 sunt
453 1805 473 1849 a
493 1805 568 1868 rege
590 1781 791 1866 Assyriorum,
806 1782 860 1863 qui
877 1782 988 1848 decem
1002 1781 1068 1875 ffi'.

109 1865 168 1930 bus
181 1869 321 1952 captivas
334 1867 419 1948 fecit,
433 1880 467 1936 et
479 1869 511 1934 in
525 1868 681 1955 Assyriam
694 1865 876 1952 deportavit.
1062 1871 1063 1875 ’
