2386 3822
596 145 746 242 91,

184 325 327 392 Proleutb
349 325 481 391 liberum
510 347 572 392 non
597 327 673 393 sacit
693 327 826 407 fortuna,
846 329 902 394 sed
923 329 1039 394 vlnus:
1066 331 1091 394 si

136 412 225 474 enirn
239 413 383 494 prudens,
398 411 423 474 si
442 413 551 496 justus,
570 411 594 475 si
620 413 716 488 fortis,
732 413 761 476 si
783 415 949 490 modestia,
964 413 989 478 si
1004 413 1092 478 inno·

139 517 226 572 cens,
241 497 265 558 si
291 497 360 580 pius
382 499 451 580 quis
477 497 577 574 suerit,
603 497 629 560 is
652 499 723 562 vere
749 497 913 562 liberast:
935 499 1091 562 borumsi

138 581 214 663 quid
229 582 320 658 absit,
335 604 390 664 pro
405 583 442 645 cd
456 593 542 665 parte
557 603 590 644 se
605 603 725 646 sernum
739 582 828 646 sciat.

182 666 229 730 Eo
244 667 374 748 quisque
399 667 536 730 miserior
549 677 598 730 est
618 666 650 730 in
671 666 904 749 servituteque
919 665 1038 732 felicior
1058 666 1091 731 in

135 749 285 815 libertate
300 751 367 816 suit.

559 872 679 928 AETAS.

182 978 295 1042 AEtatis
309 979 395 1042 nulla
409 989 512 1062 potest
526 999 594 1042 esse
609 979 825 1062 intempestiva
839 981 1035 1064 parsimonia.

184 1065 272 1127 AEtas
285 1083 442 1146 nunquam
457 1084 520 1127 non
533 1063 651 1140 defluit,
661 1063 724 1127 sive
738 1065 880 1143 donatas,
891 1067 956 1130 sive
970 1066 1090 1150 vigiles.

181 1149 277 1212 Horae
293 1151 419 1226 cedunt,
433 1150 511 1226 dies,
525 1169 657 1226 menses,
671 1160 704 1212 et
718 1149 789 1212 armi
797 1172 807 1228 ;
827 1171 887 1214 nee
902 1152 1092 1236 preteritum

132 1245 261 1315 tempus
276 1255 411 1315 unquam
426 1234 596 1298 revertitur.

183 1319 453 1388 Quemadmodum
478 1318 695 1401 navigantibus
719 1329 808 1382 terrae
831 1320 985 1402 urbesque
1004 1341 1092 1386 rece·

130 1405 237 1482 dunt;
265 1405 309 1466 sic
336 1404 481 1486 temporis
505 1424 597 1467 cursu
622 1404 719 1486 primd
742 1405 904 1486 pueritiam
927 1406 1091 1468 abscondi·

134 1507 219 1564 antae,
234 1489 346 1552 deindo
362 1489 615 1565 adolescentiam,
626 1487 740 1550 deiude
756 1490 925 1551 senectutis
939 1509 1046 1554 annos.

183 1573 269 1636 Nihil
290 1585 429 1656 tempore
451 1574 623 1657 pretiosius,
642 1584 674 1636 et
692 1571 773 1637 heu!
795 1572 872 1636 nihil
888 1573 979 1637 hodie
993 1596 1033 1638 eo
1047 1575 1092 1638 vi-

135 1657 201 1721 {lius
215 1659 377 1721 invenitur.

182 1744 288 1806 Nemo
323 1743 381 1806 sibi
413 1744 513 1826 perire
542 1745 636 1823 diem,
666 1755 700 1810 et
730 1765 888 1826 nunquam
923 1743 1091 1810 rediturum

135 1829 319 1892 meditatur.

448 1961 450 1967 ⁴
551 1949 688 2003 LABOR.

182 2057 287 2120 Justus
302 2079 338 2120 ac
354 2057 500 2121 honestus
514 2056 602 2121 labor
615 2055 783 2120 honoribus
806 2067 839 2120 et
863 2059 996 2142 praemiis
1017 2057 1091 2122 dec-

133 2154 253 2206 oratur.

184 2229 377 2290 Genercsum
392 2228 527 2291 animum
541 2226 708 2290 difficultas
722 2225 823 2310 erigit,
839 2225 894 2288 alit
909 2224 1006 2290 labor.

183 2313 288 2394 Turpe
313 2323 361 2375 est
381 2313 494 2376 cedere
509 2313 616 2392 oneri3
637 2333 700 2376 non
721 2323 770 2376 est
790 2311 835 2374 vir
856 2309 941 2374 sortis
963 2323 995 2375 et
1016 2322 1092 2377 stre-

138 2419 221 2460 nuus
235 2397 287 2478 qui
303 2397 441 2462 laborem
457 2397 546 2481 fugit.

183 2481 248 2551 Qui
272 2482 409 2546 laborem
431 2494 565 2559 recusat,
587 2481 722 2564 seipsum
743 2483 931 2548 condemnat
945 2492 1092 2565 tanquam

136 2568 230 2630 'bonis
258 2567 401 2630 omnibus
426 2568 587 2651 indignum
599 2589 609 2646 ;
632 2568 781 2652 quicquid
803 2569 886 2632 enim
908 2579 956 2632 est
976 2568 1091 2651 ubique

140 2651 227 2730 boni,
243 2651 348 2716 labore
364 2663 569 2734 eomparatur.
650 2672 654 2680 ·

184 2739 214 2800 N
218 2737 282 2800 ulla
296 2757 344 2800 res
358 2755 472 2821 magna
486 2738 551 2800 sinc
566 2737 672 2800 labore
686 2737 801 2800 veniet.

183 2823 278 2906 Apud
293 2821 455 2906 AEgyptios
470 2822 541 2906 lege
557 2821 756 2885 nitasuram
777 2843 816 2885 ne
838 2823 917 2887 cibis
931 2822 1013 2908 prius
1026 2843 1093 2884 ves-

135 2919 265 2972 ceretur
295 2907 449 2991 juventus,
479 2909 571 2989 qudm
592 2916 720 2971 centum
746 2917 779 2971 et
805 2909 967 2994 octogiuta
995 2906 1093 2970 stadia

135 2992 352 3078 ’percurrisset

500 3111 735 3168 CONCORDIA.

180 3219 273 3290 Quid
287 3219 384 3306 map's
398 3219 543 3285 omnibns
566 3219 746 3286 mortalibus
771 3217 989 3302 expetendum,
1003 3221 1094 3304 qudm

133 3325 201 3388 pax
215 3317 249 3369 et
262 3305 456 3370 concordia?

183 3391 305 3456 Felices
327 3391 394 3454 istae
418 3391 559 3456 civitates
580 3413 650 3474 quae
666 3391 710 3454 ita
731 3391 764 3452 in
789 3389 957 3456 concordid
978 3391 1093 3467 vivunt,
1177 3429 1178 3454 1

135 3488 177 3540 ut
190 3478 229 3540 de
244 3475 429 3541 utilitatibus
443 3497 538 3542 unum
553 3477 698 3557 idemque
713 3473 858 3552 sentiunt,
868 3486 902 3540 et
910 3476 1092 3540 decernunt.
1177 3509 1178 3520 2
