2386 3822
570 185 618 256 47

570 369 621 430 73.

161 469 305 547 Jacobus,
320 469 477 553 profectus
498 487 572 532 cum
593 466 664 531 filii·
684 475 718 530 et
731 465 906 547 nepotibus,
928 467 1068 548 pervenit
1177 471 1178 480 ’

119 554 151 617 in
165 557 345 638 AEgyptum‚
359 565 392 618 et
406 553 553 635 praemisit
566 552 679 615 Judam
694 550 734 613 ad
747 548 927 632 Josephum,
947 560 982 614 ut
996 571 1068 616 eum

119 639 237 704 faceret
251 639 414 702 certiorem
427 638 467 700 de
478 637 612 700 adventu
625 657 692 699 suo.

161 723 332 789 Confestim
359 721 511 804 Josephus
533 719 682 803 prooessit
710 717 831 782 ubuum
863 719 952 801 putri,
974 740 1067 801 quem

119 817 154 869 ut
168 806 253 882 vidit,
267 803 299 869 in
321 806 436 870 col-lum
458 804 524 890 ejus
548 804 664 880 insiliit,
686 814 719 869 et
739 803 816 866 flens
838 803 963 867 flentem
984 825 1069 869 com·
1178 855 1179 858 ι

120 890 229 974 plexus
244 901 301 953 est.

164 974 246 1038 Tum
266 974 422 1039 Jacobus:
453 973 527 1037 satis
558 973 613 1036 diu
633 972 703 1050 vixi,
725 970 834 1052 inquit,
862 993 945 1035 nunc
977 993 1070 1054 aequo
1178 985 1179 994 ¹

121 1059 223 1122 animo
237 1059 356 1136 moriar,
370 1058 515 1140 quoniam
537 1067 708 1140 conspectu
730 1069 783 1120 tuo
808 1056 866 1119 frui
881 1057 954 1120 mihi
970 1056 1068 1135 licuit,

121 1155 154 1207 et
167 1154 198 1208 te
211 1143 286 1206 mihi
301 1142 495 1224 superstitem
510 1142 661 1223 relinquo.

572 1263 622 1320 74.

163 1362 315 1445 Josephus
339 1361 421 1424 adiit
438 1359 638 1437 Pharaonem,
658 1361 750 1442 eique
772 1359 931 1424 nunciavit
951 1369 1070 1442 patrem

122 1467 211 1512 suum
225 1446 403 1510 advenisse:
424 1445 583 1510 constituit
606 1444 700 1508 etiam
725 1445 860 1528 quinque
884 1465 904 1508 e
928 1443 1071 1510 fratribus

123 1530 184 1596 suis
198 1551 304 1594 coram
318 1551 403 1612 rege,
1116 1571 1117 1578 ι

164 1614 230 1686 Qui
245 1636 299 1679 eos
320 1612 527 1696 interrogavit,
542 1613 689 1694 quidnam
709 1613 811 1696 operis
832 1609 1003 1678 heberent:
1024 1612 1070 1676 illi

123 1701 346 1784 responderunt
359 1720 393 1761 se
407 1718 474 1762 esse
490 1709 637 1782 pastores.

164 1785 247 1849 Tum
261 1805 314 1847 rex
328 1783 405 1846 dixit
427 1782 584 1865 Joseph0:
606 1781 760 1866 AEgyptur
785 1783 818 1848 in
842 1793 995 1866 potestate
1018 1782 1071 1846 tui

85 1875 88 1881 '
124 1879 188 1949 est;
202 1889 276 1932 eura
289 1876 325 1931 ut
337 1877 425 1952 pater
438 1877 471 1930 et
485 1866 591 1931 fratres
601 1867 645 1930 tui
658 1867 690 1931 in
700 1867 817 1950 optimo
829 1865 900 1932 loco
911 1867 1053 1932 habitent
1060 1889 1071 1946 3

124 1963 158 2017 et
171 1955 196 2018 si
210 1954 263 2035 qui
286 1952 348 2015 sint
368 1952 446 2016 inter
468 1971 521 2014 eos
542 1951 613 2015 navi
637 1961 670 2016 et
693 1951 843 2030 industrii,
858 1953 943 2016 trade
958 1951 1003 2016 eis
1017 1971 1071 2016 cu·

124 2059 189 2102 ram
204 2057 352 2122 pecorum
365 2055 513 2099 meorum.

562 2159 613 2216 75.
729 2175 735 2190 ·

167 2257 319 2341 Josephus
346 2257 473 2320 adduxit
496 2277 619 2339 quoque
641 2268 759 2340 putrem
784 2278 873 2320 suum
895 2258 935 2321 ad
959 2256 1071 2321 Phara-
1098 2278 1103 2289 “

126 2365 226 2421 onem,
241 2343 303 2424 qui,
318 2342 466 2405 salutatus
489 2363 508 2404 a
529 2341 660 2420 Jacobo,
675 2352 874 2426 percontatus
900 2353 948 2406 est
970 2342 1010 2405 ab
1032 2364 1072 2405 eo

126 2428 187 2511 qud
200 2436 281 2491 esset
295 2426 409 2490 aetate?

167 2511 302 2575 Jacobus
317 2510 474 2592 respondit
494 2511 581 2596 regi:
601 2510 661 2574 vixi
683 2521 808 2575 eentum
823 2523 856 2576 et
869 2511 997 2596 triginta
1018 2533 1072 2576 an-

126 2617 192 2673 nos,
226 2616 286 2658 nec
313 2594 443 2676 adeptus
465 2617 532 2660 rum
569 2606 760 2661 senectutem
795 2597 919 2660 beatam
946 2617 1071 2662 avorum

126 2699 282 2744 meorum:
305 2689 369 2742 tum
383 2680 464 2744 bene
480 2690 623 2763 precatus
637 2680 704 2764 regi
718 2680 861 2744 discessit
875 2682 978 2744 abeo.

168 2763 320 2847 Josephur
343 2773 446 2826 autem
465 2775 584 2852 patrem
599 2774 632 2826 et
646 2763 751 2827 fratres
766 2785 837 2827 suos
851 2765 1017 2829 collocavit
1040 2765 1072 2828 in

127 2849 244 2930 optima
269 2857 356 2931 perte
386 2847 522 2931 AEgypti,
549 2847 656 2932 eisque
685 2847 822 2912 omnium
851 2871 953 2914 rerum
975 2851 1072 2913 abun·

127 2932 264 2996 dantium
278 2931 495 3016 suppeditavit.

576 3055 627 3116 76.

170 3153 306 3219 Jacobus
336 3154 410 3220 vixit
438 3165 558 3238 septem
588 3165 622 3220 et
644 3156 756 3221 decern
789 3177 887 3222 annos
911 3166 1073 3240 postquam

129 3238 362 3322 commigrasset
374 3238 407 3304 in
421 3239 601 3323 AEgyptum.

128 3319 233 3472 diinJtlsi
248 3323 343 3390 sensit
356 3334 486 3391 mortem
507 3323 565 3388 sibi
584 3325 751 3402 imminere,
766 3325 914 3392 arcessito
927 3324 1086 3450 Iosepha

172 3492 204 3556 Si
218 3453 268 3558 ine
281 3515 375 3571 arnas,
386 3495 455 3578 jura
471 3506 500 3559 tc
516 3494 546 3558 id
562 3495 713 3560 facturum
734 3516 801 3560 esse
824 3497 906 3578 quod
929 3508 999 3564 ate
1021 3517 1074 3579 pe·
