2386 3822
589 205 636 277 73

588 387 641 449 28.

452 509 552 564 OLEA
577 508 628 563 ΕΤ
658 507 778 566 mous,

182 595 275 661 Juxta
301 596 403 662 oleam
423 609 516 662 enata
537 599 636 664 fluerat
657 599 743 662 ficus.
795 597 887 664 Hanc
909 591 1082 688 illa'despi·

138 681 233 744 cere*
246 692 340 764 atque
355 681 510 760 irridere*
525 683 606 766 qudd
620 684 691 746 clun
713 684 780 766 ipsa
800 683 951 750 viriditate
973 705 1082 770 peren-

138 764 172 828 ni
185 765 346 848 gauderet,
361 764 405 830 illi
420 777 485 829 tum
500 765 573 830 solia
586 766 776 830 deciderent.

181 847 245 912 Nix
260 860 373 927 autern,
395 851 433 914 ed
453 861 635 934 tempestate
656 851 792 932 delapsa,
807 851 886 915 oleae
909 854 998 918 ramis
1019 865 1083 922 tam

139 933 236 996 densa
251 932 414 1011 insidebat,
427 945 462 1000 ut
484 935 550 1018 ipsa
568 935 629 998 und
642 955 713 998 cunr
727 933 954 1018 pulchritudine
969 939 1024 1002 sua
1037 940 1083 1004 in·

140 1017 243 1081 teriit:
273 1014 353 1080 hanc
375 1019 455 1096 vero,
478 1039 570 1101 quam
590 1019 736 1083 nudatam
759 1018 839 1085 foliis
860 1020 985 1100 invenit,
1004 1043 1084 1108 prar-

141 1101 262 1179 teribat‚
275 1113 308 1167 et
321 1101 353 1166 in
367 1113 478 1167 terram
491 1103 631 1168 defluens
644 1101 720 1167 nihil
734 1103 763 1168 ei
777 1103 923 1168 nocebat.

586 1233 637 1292 24.

432 1346 528 1403 Apus
557 1345 607 1402 ΕΤ
636 1347 795 1405 PASTOR.

182 1439 271 1520 Apes
295 1437 325 1499 in
340 1437 417 1500 caval
438 1459 554 1520 quercu
567 1438 629 1502 mel
644 1439 810 1518 faciebant,
832 1441 940 1506 Pastor
959 1445 1030 1506 vero
1051 1446 1085 1510 in

135 1541 202 1600 eas,
217 1520 302 1604 operi
316 1521 459 1598 intentas,
475 1521 551 1586 sorte
576 1522 817 1604 incidit;·idque
839 1525 945 1590 seduld
1042 1538 1084 1605 at,

138 1617 174 1673 ut
201 1605 286 1670 favos
308 1605 459 1669 auferret:
490 1605 573 1687 quod
598 1607 668 1670 edm
689 1607 854 1672 sensissent
875 1630 959 1692 apes,
1015 1631 1083 1678 rore

139 1691 267 1774 percite
298 1689 371 1756 hinc
393 1701 426 1754 et
446 1689 532 1754 illinc
558 1690 790 1769 circumvolant,
812 1691 935 1776 suisque
964 1693 1084 1760 hostem

136 1775 270 1858 abigunt
284 1773 410 1841 aculeis.
511 1805 512 1812 ι

180 1860 238 1924 Ille
261 1870 363 1924 tamen
384 1857 493 1935 victus,
512 1858 632 1938 valete,
656 1860 764 1942 inquit,
777 1860 808 1926 Ο
821 1859 978 1940 seroculae,
993 1873 1085 1928 arter-

138 1945 211 2040 num
225 1944 325 2039 ualete
336 1965 346 2023 3
367 1963 430 2006 non
451 1941 529 2006 adeo
549 1943 611 2007 mel
632 1943 784 2023 desidero,
808 1956 876 2028 uta
898 1947 987 2011 vobis
1006 1945 1084 2014 illud

140 2047 306 2110 accipiam.

460 2213 551 2271 ..n
577 2115 774 2272 3⁵...

181 2301 398 2386 Unusquisque
419 2305 555 2370 nostrum
577 2305 653 2368 duas
666 2315 769 2390 gestat
782 2303 941 2382 manticas,
956 2301 1085 2370 alteram

138 2399 211 2458 ante
233 2399 354 2477 pectus,
369 2388 496 2452 alteram
517 2409 537 2452 a
558 2397 664 2472 tergo;
685 2400 845 2471 utramque
864 2387 1004 2453 vitiorum
1019 2389 1085 2474 ple·

137 2493 231 2536 nam:
261 2472 389 2536 aliorum
418 2471 543 2556 quidem
574 2473 766 2554 anteriorem,
793 2471 984 2559 propriorum
1012 2473 1084 2557 νειῷ

138 2556 347 2638 posteriorem.

179 2639 345 2724 Propterea
378 2639 518 2707 homines
547 2664 603 2708 aua
632 2642 706 2708 vitia
736 2641 862 2708 omuino
883 2663 947 2708 non
969 2641 1084 2721 vident,

137 2723 242 2790 aliena
255 2725 326 2789 vard
342 2725 615 2813 perspicacissime.

420 2918 422 2923 .
587 2852 641 2917 26.

534 2952 703 3009 casam.

178 3037 304 3104 Cassiu-
317 3040 394 3108 dum
414 3041 669 3126 escamappetit,
689 3041 806 3107 irretita
819 3040 948 3139 laqueo,
975 3037 1085 3124 deplo-

135 3143 206 3187 rans
224 3122 377 3189 fortunam
397 3146 495 3202 suam,
510 3125 565 3190 Me
578 3125 720 3193 miseram
741 3137 774 3190 et
794 3125 961 3204 infelicem,
974 3123 1084 3208 irrqatit,

134 3207 312 3274 volucrem:
331 3229 395 3272 non
416 3229 478 3292 ego
499 3207 567 3274 aliis
588 3231 696 3276 aruum
717 3209 848 3274 subduxi
859 3232 870 3288 3
889 3227 952 3272 non
974 3227 1008 3275 ar
1049 3229 1086 3274 n-

9 3331 10 3338 ι
133 3300 202 3354 turn
215 3291 323 3374 rapui3
343 3290 419 3356 nihil
442 3293 538 3356 invasi
562 3295 607 3358 rei
628 3293 722 3358 ullius
740 3293 905 3376 pretioeae:
925 3312 1019 3378 purvu
1033 3312 1085 3365 um

8 3399 9 3408 ι
133 3375 206 3438 verd
221 3375 315 3443 tritici
327 3397 458 3461 granum
471 3388 601 3444 mortem
614 3379 689 3444 mihi
702 3377 816 3442 attulit.

396 3599 414 3652 7
451 3533 464 3558 *
475 3528 639 3592 Despicialraa
649 3527 777 3578 irridebat.
