2380 3832
572 191 619 262 97

170 371 288 454 Magna
308 381 356 434 est
377 373 527 454 sapientia
558 372 772 455 tempestiuam
803 371 967 450 silentium,
989 375 1073 438 omni

128 458 210 520 certe
225 475 365 519 sermone
380 457 583 540 praestantius.

170 539 379 603 Tacitumitas
393 541 487 604 stulto
501 541 616 604 homini
640 561 696 624 pro
721 541 870 624 sapientiis
884 553 953 605 esta
970 553 1075 608 tacere

128 625 179 706 qui
194 624 303 700 nescit,
318 625 418 688 nescit
433 625 527 706 loqui.

169 709 245 770 Tria
259 718 329 771 sunt
344 709 498 791 praecipu'e
514 710 546 771 in
560 708 643 772 omui
658 709 719 773 virt
733 709 897 772 habenda:
919 709 950 772 in
973 710 1075 776 auimo

128 791 300 874 prudentia,
314 793 345 856 in
360 792 445 855 vultu
460 793 654 870 verecundia,
669 793 701 857 in
716 794 822 877 lingua
832 793 998 856 silentium.

128 959 157 1021 d·
171 877 207 939 ln
226 876 409 962 Pythagoras
432 877 539 964 scholi
562 879 759 960 quinquenne
774 877 929 942 silentium
943 891 1010 941 erat
1030 879 1077 942 in·

151 970 256 1023 retum.
914 989 916 992 ·

378 1065 505 1122 LUDUS
524 1065 573 1120 ET
592 1065 820 1120 RECREATIO.

171 1173 323 1238 Omnibus
343 1176 468 1256 prodest
489 1174 618 1240 subinde
648 1174 783 1238 animum
811 1174 947 1239 relaxare
959 1197 968 1256 ς
997 1174 1076 1239 vires

129 1259 271 1322 humanae
286 1259 422 1322 laborem
437 1257 618 1324 continuum
640 1258 781 1340 patinea
795 1270 941 1340 possiunt:
963 1259 1077 1324 dirum·

130 1343 211 1426 pitur
225 1363 313 1406 mous
327 1344 380 1426 qui
394 1364 551 1425 nunquam
565 1343 693 1408 laxatur.

174 1427 276 1490 Animi
299 1439 331 1490 et
352 1429 487 1511 corporis
502 1427 694 1490 remissiones
709 1428 749 1490 ad
763 1447 861 1490 novos
877 1425 998 1490 labores
1019 1449 1076 1490 nor

131 1523 249 1593 parant.

172 1595 245 1658 Non
267 1596 450 1660 remittenda
464 1595 588 1678 quidem
609 1606 681 1661 sunt
700 1594 813 1671 studia,
831 1595 886 1658 sed
901 1595 1076 1672 relaxanda,

131 1680 267 1744 nascitur
287 1681 369 1742 enirn
391 1703 429 1744 ex
450 1679 626 1744 assiduitate
649 1679 790 1744 laborum
811 1680 955 1762 quaedam
982 1679 1077 1744 hebe-

132 1765 208 1828 tatio
222 1775 254 1828 et
268 1776 371 1848 torpor
385 1763 488 1828 animi.

174 1849 272 1912 Detur
286 1850 388 1931 pueris
409 1849 578 1931 respiratio,
603 1849 702 1928 ludus,
726 1859 759 1912 et
769 1848 967 1932 jucunditas:
988 1871 1078 1913 eave·

133 1944 186 1996 ant
200 1944 302 1996 autem
317 1934 356 1996 ah
371 1932 614 2016 intemperantia,
629 1933 823 1996 meminerint
838 1935 1046 1998 verecundiae.

470 2065 735 2121 PHILOSOPHIA.

175 2150 372 2234 Philosophia
385 2151 544 2234 sapientiae
560 2171 644 2212 amor
657 2160 713 2212 est.
758 2147 960 2230 Philosophia
981 2148 1079 2212 omni-

133 2255 185 2298 um
199 2237 308 2298 artium
322 2247 420 2300 mater
433 2247 501 2299 est:
522 2235 591 2298 haee
606 2234 735 2317 primhm
757 2235 795 2296 ad
810 2233 928 2296 cultum
941 2233 1078 2312 deorum,

134 2320 246 2383 deinde
268 2320 307 2382 ad
326 2319 376 2403 jus
397 2320 564 2396 hominurn,
578 2330 644 2382 turn
659 2320 699 2381 ad
718 2317 910 2394 modestiam,
924 2317 1079 2400 magnitu-

134 2403 298 2486 dinemque
314 2405 406 2467 animi
421 2404 561 2467 erudivit.

178 2489 243 2557 Qui
258 2489 297 2551 ad
313 2489 563 2571 philosophorum
577 2487 699 2551 scholas
713 2488 805 2564 venit,
820 2486 958 2569 quotidie
974 2505 1080 2548 secum

136 2571 251 2654 ahquid
272 2573 346 2636 boni
367 2573 477 2636 exinde
500 2572 598 2651 ferat3
620 2584 674 2634 aut
695 2573 796 2635 sanior
816 2573 942 2635 domum
963 2572 1079 2646 redeat,

136 2668 189 2719 aut
203 2657 377 2720 sanabilior.

178 2741 295 2804 Facere
308 2742 403 2804 docet
416 2741 619 2824 philosophie,
633 2761 695 2804 non
706 2740 803 2804 solirm
813 2741 953 2804 discere:
975 2761 1014 2802 ea
1027 2759 1090 2802 aaa

136 2835 199 2888 tem
213 2835 260 2888 est
274 2837 307 2888 et
329 2825 577 2908 contemplativa,
592 2836 625 2890 et
648 2824 767 2887 activa:
789 2835 910 2908 spectat
930 2823 1081 2903 simulque

136 2908 211 2993 aga.

179 3077 377 3174 Philosophia
404 3077 539 3142 animum
560 3078 659 3142 firmat
678 3089 712 3142 et
735 3077 887 3143 fabricet:
908 3076 1002 3139 vitam
1022 3073 1084 3138 dis-

137 3163 235 3247 ponit,
250 3174 389 3246 actiones
403 3163 504 3247 regit3
517 3163 640 3246 agenda
653 3173 686 3226 et
700 3163 871 3227 omittenda
883 3161 1083 3224 demonstrat.

180 3246 362 3310 Aristoteles
390 3257 524 3332 rogatus,
548 3246 637 3317 Quid
668 3246 784 3311 fructbs
808 3243 1002 3328 philosophia
1030 3264 1086 3306 sua

124 3331 183 3394 'illi
206 3331 367 3408 attulisset,
386 3331 426 3396 Ut
438 3331 509 3408 aad,
524 3331 633 3413 inquit,
646 3342 746 3418 sponte
767 3351 801 3393 ea
812 3327 934 3413 soriam,
949 3351 1013 3413 qaoe
1021 3327 1086 3414 ple-

137 3415 219 3500 rique
234 3413 328 3510 legum
340 3426 414 3479 oreta
428 3415 646 3500 coactisaeiaat.

181 3499 355 3584 Aristippus
369 3500 562 3584 percontanti
577 3500 734 3582 Dionysio,
750 3498 837 3570 Quid
851 3497 996 3562 eximium
1010 3496 1085 3560 hab-
