2386 3822
583 171 632 242 52

177 350 289 449 Stabat
303 351 436 435 populus
455 371 519 435 proe
533 364 619 418 metu
633 351 772 436 trepidus
784 350 825 414 ad
839 349 962 414 radices
974 351 1103 416 montis

135 434 380 588 fuIiiisnutsmtiutem
393 521 425 586 in
450 535 556 587 monte
580 521 765 604 loquebatur
779 541 797 584 e
812 517 917 584 mouit
939 520 1025 586 nube
1045 520 1101 584 in-

134 615 182 669 ter
195 605 318 691 fulgura
331 618 365 673 et
377 609 523 672 tonitrua.

587 735 639 794 90.

175 831 256 896 Haec
272 853 362 918 porro
383 844 454 896 sunt
471 834 565 898 verba
589 855 659 916 quae
675 831 802 917 protulit
816 832 923 897 Deus:
944 855 1006 920 ego
1021 857 1097 902 sum

133 916 293 994 Dominus,
309 917 361 1001 qui
376 917 468 981 eduxi
481 939 536 982 vor
551 941 569 982 e
584 917 729 982 servitute
745 917 972 1001 AEgyptiorum.

175 1001 247 1067 Non
261 1011 353 1066 enuit
373 1001 461 1064 vobis
482 1003 526 1066 dii
548 1002 660 1066 alieni:
682 1001 751 1088 Ego
773 1022 852 1065 unus
874 1002 959 1067 Deus
977 1013 1011 1067 et
1025 1027 1094 1070 non

133 1097 181 1152 est
195 1086 273 1149 alius
287 1097 401 1170 praeter
414 1105 475 1150 me.

176 1171 249 1276 Nou
277 1169 463 1254 usurpabitis
491 1191 605 1237 nomen
629 1169 690 1235 Dei
711 1169 804 1234 vestri
826 1173 940 1236 temere
965 1183 997 1236 et
1020 1173 1092 1238 sino
1173 1155 1176 1240 i

133 1275 240 1320 causa.

175 1338 316 1404 Sabbeto
331 1338 450 1404 nullum
465 1361 542 1424 opus
551 1339 672 1404 facietis
684 1363 693 1420 ;
707 1337 802 1404 colite
817 1349 937 1424 patrem
950 1352 1092 1406 vestrum
1175 1407 1176 1410 ,

132 1436 166 1492 et
178 1435 308 1490 matrem
320 1436 473 1490 vestram:
494 1447 557 1490 non
571 1424 733 1504 occidetis,
748 1445 810 1488 non
825 1425 1049 1490 adulterabitis.

176 1511 249 1576 Non
271 1509 391 1574 facietis
413 1508 546 1575 furtum:
576 1530 639 1573 non
669 1509 782 1573 dicetis
810 1508 921 1574 salsum
950 1511 1090 1576 testimo-

132 1594 385 1744 niumaledversus
406 1595 578 1680 proximum
598 1604 751 1660 vestrum:
771 1615 835 1660 non
857 1594 1091 1680 concupiscetis

133 1700 199 1746 rem
245 1679 349 1744 terius.

583 1805 636 1866 91.

174 1905 290 1985 Moses,
312 1926 332 1970 a
352 1903 422 1972 Deo
442 1905 586 1986 monitus,
607 1907 722 1972 confici
743 1905 835 1993 jussit
849 1907 1088 1974 tabemacqum

132 2013 171 2057 ex
198 1991 333 2077 pellibus
361 2002 394 2056 et
417 1991 544 2056 cortinis
565 1991 801 2077 pretiosissimis,
832 1993 958 2076 insuper
981 2013 1088 2058 aream

132 2076 257 2226 lfoederis
285 2099 360 2142 auro
388 2097 466 2162 puro
489 2077 640 2158 vestitam,
662 2078 695 2142 in
716 2078 778 2160 qui
805 2076 943 2162 reposuit
964 2076 1087 2142 tabulas

144 2183 163 2226 e
187 2162 212 2226 's
225 2161 349 2227 divinae.

163 2183 284 2316 g(iiuum
301 2247 366 2331 jam
388 2244 420 2309 in
442 2255 615 2329 conspectu
628 2241 758 2312 haberet
771 2257 885 2312 terram
897 2267 918 2310 a
930 2245 1001 2310 Deo
1015 2267 1087 2330 pro-

131 2331 265 2408 missam,
278 2341 417 2396 mortuus
430 2341 479 2395 est
500 2331 544 2395 vir
568 2331 720 2416 sapientiis
740 2342 773 2398 et
785 2331 909 2398 coeteris
922 2331 1085 2398 virtutibus
1173 2373 1174 2412 2

132 2415 224 2498 plane
240 2415 439 2480 admirabilis.

174 2501 269 2565 Luxit
281 2521 353 2564 eum
368 2501 500 2583 populus
514 2500 626 2565 diebus
640 2499 678 2563 tri
703 2499 777 2564 'nta.

176 2585 336 2681 Successit
356 2585 389 2648 in
415 2585 520 2650 locum
551 2585 649 2649 Moris
672 2521 777 2663 flosue,
799 2605 892 2669 quem
913 2586 981 2671 ipse
1001 2585 1083 2671 priirs

132 2669 360 2754 designaverat.

578 2777 629 2836 92.

175 2891 219 2956 Ut
246 2889 374 2954 Hebraei
406 2889 438 2954 in
467 2900 580 2954 terram
603 2889 784 2974 promissam
806 2890 1081 2970 introducerentur,
1171 2919 1172 2922 ¹

131 2976 282 3040 iordanes
296 2985 361 3037 erat
385 2974 602 3058 trajiciendus:
623 2995 683 3037 nec
702 2985 770 3038 erat
783 2974 820 3038 iis
837 2977 960 3039 navium
981 2978 1081 3062 copia,
1171 3035 1172 3042 ,

131 3082 189 3126 nec
204 3059 317 3124 vadum
331 3058 492 3140 prebebat
509 3059 607 3122 munis
621 3068 696 3122 tunc
711 3057 805 3142 pleno
819 3057 909 3124 alveo
923 3061 1032 3124 fluens.
1171 3053 1172 3080 ¹

174 3146 260 3209 Deus
273 3143 358 3207 venit
372 3143 417 3206 eis
439 3142 573 3206 auxilior
593 3141 687 3208 losue
705 3143 796 3228 jussit
820 3143 956 3226 preferri
977 3165 1082 3210 arcam

132 3227 267 3304 foederis,
280 3239 314 3290 et
328 3225 478 3310 populum
492 3226 590 3307 sequi.
1170 3227 1171 3234 ’

174 3311 452 3394 Appropinquante
478 3311 558 3387 act,
583 3331 683 3392 aquas,
708 3333 778 3393 quas
811 3312 943 3409 supernis
964 3311 1081 3376 deflue-

132 3397 218 3470 bant,
232 3403 383 3458 steterunt
397 3393 492 3458 instar
511 3394 611 3472 muri3
632 3415 702 3476 qum
726 3406 830 3460 autem
852 3395 939 3473 miri,
952 3396 1080 3463 descen-

134 3479 246 3542 derunt
258 3487 291 3540 et
305 3477 426 3542 alveum
440 3477 559 3541 siccum
573 3477 774 3559 reliquerunt.
