2386 3822
577 218 627 290 75

579 403 631 464 31.

405 521 535 586 EQUUS
564 523 615 580 ΕΤ
645 523 793 584 Aemus

168 645 343 710 Deficiente
364 644 396 709 in
418 645 527 710 itinere
548 647 644 723 enno,
664 657 698 711 et
718 657 845 730 petente
866 649 908 712 eb
930 663 1021 731 equo,
1034 661 1070 715 ut

127 728 229 812 aliqud
250 740 336 813 parte
357 730 459 794 eserie
479 751 513 794 se
533 730 659 808 lenset,
687 731 713 794 si
740 751 778 794 se
810 733 911 795 simun
932 734 1071 815 aspicem

12 867 17 874 .
125 813 229 885 vellet,
244 826 422 896 aspemetus
445 811 612 896 est'equus
632 835 741 897 preces
762 814 852 879 illius.
897 815 993 880 Peuld
1014 818 1072 902 igi-

126 905 175 960 ter
200 899 280 980 pdst,
306 898 491 982 fatigatione
507 897 678 963 exhaustus
699 899 802 962 asinus
824 899 856 962 io
876 899 925 962 vid
946 903 1071 980 corruit,

12 983 13 1004 l
127 991 159 1044 et
173 981 287 1046 efflavit
300 983 444 1046 enimam.

167 1066 249 1129 'llus
264 1066 397 1150 agitator
410 1087 516 1130 omnes
530 1067 675 1144 sarcinas,
685 1085 762 1148 ques
771 1067 875 1130 esium
887 1078 1071 1152 ponerent,

122 1160 226 1318 :131³er
226 1150 358 1298 lilrirtsuper
368 1151 464 1216 etiem
477 1150 602 1236 pellem,
616 1151 702 1216 esino
715 1152 895 1230 detractam,
910 1153 943 1218 in
956 1171 1071 1237 equum

578 1410 631 1472 82.

427 1546 503 1604 LEO
533 1547 583 1604 ΕΤ
612 1547 770 1604 VULPES.

165 1659 245 1737 Leo,
267 1660 356 1725 senio
380 1659 551 1740 consectus,
575 1662 646 1724 edm
670 1659 749 1725 uires
776 1681 839 1726 non
863 1633 1070 1744 suppeterent,

120 1743 270 1808 callidum
304 1755 407 1809 temen
435 1745 520 1828 cepit
554 1745 715 1808 consilium
750 1743 940 1809 sustentandi
967 1746 1069 1812 vitem.

123 1829 233 1926 linque
261 1829 294 1892 in
318 1841 416 1908 antro,
437 1829 523 1912 quasi
545 1829 653 1892 morbo
675 1841 843 1913 correptus,
871 1830 1070 1908 decumbens,

15 1961 18 1966 .
120 1923 305 1990 annuentes,
319 1934 389 1996 quae
404 1913 444 1978 sd
469 1915 568 1997 ipsum
581 1913 739 1978 visendum
754 1915 866 1998 possim
881 1914 1069 1992 advenirent,

25 1997 28 2002 ’
123 1997 290 2081 prehensas
303 1999 479 2063 devorabat.

165 2081 214 2146 Ita
229 2081 341 2166 magnis
353 2083 521 2146 bestiarum
542 2079 738 2145 multitudine
753 2101 772 2145 e
785 2080 875 2145 leone
897 2081 1069 2162 absumptis,

123 2165 249 2230 secedit
270 2167 393 2230 taudem
408 2177 441 2231 et
453 2165 618 2249 vulpecula
639 2166 678 2228 cd
700 2175 830 2242 antrum,
845 2176 877 2229 et
902 2187 965 2249 prae
990 2165 1070 2250 ostio

121 2251 271 2326 subsistit,
285 2250 430 2316 haesitans
444 2262 536 2333 atque
551 2250 824 2333 circumspectans.
1001 2271 1004 2276 ’

165 2335 248 2402 'tum
262 2334 321 2412 leo,
336 2335 423 2406 Quid
447 2346 558 2413 cesset,
580 2355 637 2400 cur
658 2355 721 2398 non
745 2335 836 2398 odeet
849 2333 889 2398 ed
911 2353 954 2412 se,
968 2344 1067 2418 rogat.

121 2417 181 2484 Cui
200 2418 272 2482 ille:
293 2420 378 2489 Quia
401 2419 532 2502 vestigia
545 2419 705 2484 adversum
726 2429 758 2484 te
780 2419 954 2504 specuum
973 2417 1070 2486 mults

121 2503 224 2582 video,
238 2513 402 2570 retrorsum
415 2503 510 2570 nulls.

575 2678 627 2739 ss.

470 2810 732 2869 sennonoeus.
792 2787 799 2798 '

165 2939 324 3026 Astrologi
345 2941 504 3026 cujusdem
525 2962 592 3006 mos
612 2951 679 3008 eret
699 2941 739 3005 de
760 2951 854 3006 nocte
868 2941 961 3007 domo
974 2942 1067 3019 exire,

121 3038 159 3092 ut
182 3027 296 3092 coelum
318 3025 482 3108 stellasque
504 3037 627 3090 contem
650 3027 772 3092 leretur.
817 3025 994 3109 Aliquando
1014 3043 1068 3088 eu·

122 3122 197 3189 tem,
212 3121 294 3174 totus
308 3108 389 3173 coelo
410 3109 554 3187 intentus,
570 3109 601 3174 in
623 3047 744 3189 ἔξω,
758 3131 852 3194 quem
869 3107 947 3174 'ente
971 3103 1068 3192 pedes

121 3196 213 3259 sitem
227 3216 289 3258 non
303 3195 429 3272 videret,
445 3193 563 3258 incidit.
1064 3215 1067 3222 ¹

164 3279 248 3343 Tum
263 3278 351 3355 elius,
374 3298 428 3360 per
452 3278 582 3342 eandem
602 3278 681 3342 viem
704 3279 762 3343 iter
783 3277 910 3354 faciens,
934 3277 1005 3342 edm
1026 3277 1067 3344 de
1168 3313 1170 3320 ·

13 3411 14 3422 ,
120 3363 242 3449 gemitu
257 3362 349 3438 illius,
367 3362 450 3444 quod
461 3361 626 3440 accideret,
637 3363 849 3448 cognovissem
869 3360 1006 3444 Optime,
1021 3361 1067 3426 in-

121 3447 200 3530 quit,
219 3458 264 3525 tu,
290 3447 341 3530 qui
367 3467 402 3510 os
423 3447 455 3510 in
478 3443 594 3510 coelum
614 3447 766 3531 erigebas,
797 3455 909 3512 terrem
936 3446 1067 3529 mdibus

120 3532 297 3618 subjectam
310 3530 412 3616 potids
424 3530 535 3594 intueri
548 3529 710 3596 debueras.
