2386 3822
564 143 614 218 tu

117 322 283 388 duodecim
311 322 418 394 intes
438 345 564 406 summ
588 323 735 396 miaimtu
753 335 894 396 remoue
911 334 960 396 est
978 325 1069 396 domi

117 423 137 469 a
149 417 256 489 patrer
277 406 355 471 alius
368 409 439 474 verd
453 432 517 476 non
530 420 679 494 superest

159 591 241 658 Illud
275 593 445 680 Joscphum
480 598 617 683 angebat
652 597 735 680 quid
766 597 964 683 muium
991 615 1069 666 otim

116 679 241 742 creteris
253 699 316 744 non
330 681 446 746 aderat.

159 764 267 833 Quare
280 763 358 830 dixit
370 766 435 832 cis:
455 767 594 850 experiar
616 785 657 830 an
677 785 783 834 verum
799 766 958 832 dixeritis:
976 785 1068 836 rmn-

116 857 169 910 ect
182 867 259 912 unus
274 869 312 912 cx
325 848 413 913 vobis
427 851 517 916 obses
542 852 625 934 apud
646 871 707 928 me,
721 851 795 914 dum
809 852 980 916 adducatur
1000 850 1066 920 huc

117 931 209 996 irater
221 943 323 996 vester
335 933 496 1016 minimus3
517 935 624 1000 ceteri
638 933 722 999 abite
736 955 811 1000 cum
825 933 986 1004 frumento.

158 1015 250 1080 Tunc
271 1037 320 1080 coe
363 1029 433 1082 runt
456 1019 535 1084 intcr
558 1039 592 1084 se
615 1019 739 1083 dicere:
767 1021 877 1086 meritri
890 1020 960 1084 hmo
982 1019 1066 1104 pati·

115 1120 203 1165 mur:
224 1101 318 1164 crude
351 1123 365 1164 s
389 1103 499 1168 fuirrms
514 1105 545 1168 in
570 1104 694 1168 fratrem
714 1115 850 1168 nostrum
861 1127 871 1184 3
891 1123 974 1168 nunc
996 1123 1066 1190 poe-

115 1205 188 1249 nam
202 1185 292 1270 hujus
305 1186 429 1252 sceleris
444 1189 564 1253 luimus.

156 1269 312 1333 Putabant
338 1270 407 1336 haec
428 1275 522 1337 verba
542 1293 605 1338 non
626 1271 759 1358 intelligi
781 1293 801 1337 a
821 1271 967 1358 losepho,
988 1273 1066 1356 quia

115 1373 171 1437 per
183 1353 381 1436 interpretem
394 1377 467 1422 cum
480 1359 526 1422 eis
540 1359 734 1440 loquebatur.

157 1436 228 1522 lpse
243 1449 347 1508 autem
361 1443 470 1508 avertit
483 1463 516 1508 se
530 1463 695 1530 parumper
709 1452 743 1508 et
756 1441 849 1508 flevit.

156 1627 308 1712 Iosephus
336 1630 426 1714 jussit
453 1629 580 1698 fratrum
606 1651 716 1696 soccos
743 1627 863 1712 impleri
895 1629 1007 1707 tritico,
1029 1639 1066 1695 et

115 1714 291 1798 pecuniam,
305 1734 398 1796 quam
421 1715 597 1794 attulerant,
621 1715 729 1800 reponi
751 1715 783 1778 in
804 1733 858 1778 ore
879 1733 1065 1794 saccorum

115 1795 235 1860 addidit
249 1798 374 1894 insuper
386 1797 505 1862 cibaria
518 1798 551 1862 in
564 1799 655 1863 viam.

136 1879 278 2029 Dloinle
298 1880 414 1946 dimisit
434 1903 499 1962 eos,
520 1895 631 1968 praeter
653 1883 840 1961 Simeonem,
860 1903 953 1968 quem
968 1882 1064 1946 retin-
1177 1921 1178 1928 ι

114 1976 194 2030 arto
217 1987 242 2029 ει
265 1984 325 2029 em.

144 2050 253 2134 ltoque
262 2049 393 2136 profecti
404 2064 475 2117 sunt
485 2052 592 2118 fratres
602 2052 739 2138 losephi‚
748 2062 790 2129 et,
799 2073 895 2134 quum
905 2051 1064 2116 venissent

114 2135 155 2198 ud
168 2147 297 2218 putrem,
311 2148 509 2202 narraverunt
522 2137 551 2202 ei
567 2137 670 2201 omnia
684 2157 754 2220 quae
769 2135 828 2200 sibi
843 2135 1033 2200 acciderant.

155 2219 264 2290 Quum
288 2221 479 2303 aperuissent
501 2242 619 2300 saccos,
633 2232 668 2285 ut
691 2219 1063 2298 effimderentrrumentu,
1176 2249 1177 2278 ι

112 2301 259 2369 mirantes
273 2316 452 2388 repercnmt
465 2305 640 2392 pecuniam.

155 2487 302 2568 lacobus,
315 2499 351 2554 ut
364 2487 481 2552 audivit
500 2487 715 2574 Benjaminum
729 2487 842 2554 arcessi
867 2507 887 2552 a
911 2485 1064 2574 praefecto

114 2572 254 2656 AEgypti
268 2594 341 2637 cum
354 2573 471 2657 gemitu
506 2584 612 2638 aestus
626 2583 684 2640 est

154 2657 275 2722 osium
294 2679 345 2722 me
367 2657 472 2722 liberis
543 2657 628 2722 istis:
658 2657 731 2721 lose
755 2657 812 2721 hus
833 2667 972 2720 mortuus
993 2668 1063 2737 est;

113 2741 241 2892 fflcon
261 2751 398 2806 retentus
421 2753 469 2808 est
492 2740 524 2804 in
548 2741 706 2828 AEgypto3
779 2742 949 2829 njaminum
970 2742 1065 2805 vultis

179 2847 283 2892 acero.

155 2909 236 2976 Hoec
247 2909 352 2974 omnia
364 2889 449 2974 mala
461 2911 493 2973 in
506 2931 557 2974 me
570 2911 723 2991 residrmt5
735 2931 799 2976 uon
813 2909 967 2974 dimittam
980 2909 1061 2974 Ben-

108 2995 279 3082 jeminum
300 3015 372 3058 nam
392 2996 419 3059 si
440 2995 515 3077 quid
528 2996 558 3060 ei
573 2997 690 3060 adversi
713 2995 865 3060 acciderit
878 2995 911 3057 in
924 2994 983 3072 vid,
997 3015 1062 3058 non

13 3099 18 3106 ·
111 3090 221 3162 potero
233 3079 265 3145 oi
279 3090 434 3164 superstes
446 3079 558 3158 vivere,
573 3080 627 3144 sed
641 3080 748 3146 dolore
762 3099 926 3165 oppressus
939 3077 1060 3142 moriar.

554 3186 606 3246 60.

153 3280 320 3364 Postquam
343 3281 519 3366 consumpti
539 3293 612 3347 sunt
634 3282 698 3349 cibi
718 3305 796 3368 quos
817 3282 995 3359 attulerant,
1008 3280 1061 3348 Ja-

106 3363 210 3456 cobus
222 3365 300 3429 dixit
320 3365 392 3430 liliis
413 3366 496 3446 suis3
516 3366 749 3451 proficiscimini
772 3369 885 3440 iterum
897 3365 930 3438 iu
943 3365 1062 3456 AEgppe

56 3511 61 3520 ,
111 3459 187 3528 tum,
201 3458 237 3514 ut
250 3449 472 3519 emetiacibos.
