2386 3822
562 139 611 210 55

158 319 250 468 Tppc
275 320 352 388 lore
369 321 478 386 nassis
496 329 725 386 maturuerat·
746 321 789 386 ite
810 319 903 384 facile
924 321 1056 386 incendi·

106 423 170 468 mm
196 406 252 470 uit.

159 487 277 555 Omnes
299 501 444 586 segetes,
445 489 543 586 vinem
558 500 592 554 et
604 489 694 568 oleas,
708 501 826 554 exustae
841 502 920 566 sunt,
930 509 990 554 nec
1005 488 1062 552 irri-

106 573 230 640 micam
243 586 371 660 gentem
384 574 474 637 variis
488 575 690 640 incommodis
704 595 814 640 vexare
829 574 956 638 destitit.

119 659 304 724 Traditus
327 658 501 734 Philistaeis,
526 658 608 740 rupit
627 658 759 734 vincula,
781 658 893 740 quibus
914 658 1062 722 constric-

108 752 166 806 tus
180 743 288 822 fuerat,
303 754 335 807 et
357 743 477 824 arrepta
495 742 620 804 maxilla
639 741 727 818 asini,
750 743 810 806 hoc
826 741 899 819 telo,
914 741 996 824 quod
1010 763 1063 806 ca·

107 847 169 892 sus
182 829 320 906 dederat,
333 827 417 890 mille
432 826 564 889 hostium
579 826 751 910 prostravit.

461 1015 465 1026 ,
550 973 620 1032 100.

159 1094 306 1164 Quadam
319 1094 370 1158 die
385 1091 516 1158 Samson
534 1093 641 1156 urbem
663 1091 917 1158 Philisteeorrun
909 1115 1063 1178 ingressus

106 1190 171 1256 est,
186 1179 291 1260 ibique
306 1189 540 1262 pernoctaturus
554 1177 724 1242 videbatur

158 1263 316 1342 Philistaei,
331 1263 529 1326 occasionem
549 1271 720 1345 captantes,
735 1272 838 1346 portas
853 1261 1011 1328 obserari
999 1285 1063 1348 Jus-

107 1357 229 1424 serunt,
243 1369 283 1412 ne
299 1347 366 1430 quis
379 1348 486 1410 exiret.

157 1431 217 1494 Per
230 1442 327 1496 totam
351 1441 476 1494 noctem
497 1429 722 1512 exspectabant
735 1430 870 1508 silentes,
884 1441 919 1494 ut
932 1431 1063 1498 'Sanaso-

112 1536 187 1578 nem
201 1517 292 1578 mane
307 1527 472 1578 exeuntem
487 1515 705 1578 interficerent

158 1599 202 1662 At
226 1601 357 1664 Samson
379 1599 483 1688 media
504 1609 596 1662 nocte
612 1597 750 1676 surrexit,
764 1598 909 1681 venitque
932 1600 972 1664 ad
994 1621 1063 1684 por-

112 1695 179 1748 tem
206 1685 300 1760 urbis,
329 1681 431 1767 quam,
456 1704 551 1766 quum
574 1683 740 1778 ipvenisset
745 1682 909 1780 ,clausam
930 1683 1063 1750 humeris

108 1768 237 1832 sustulit
251 1789 323 1832 cvnn
337 1769 476 1851 postibus
490 1778 522 1832 et
535 1767 620 1844 seris,
635 1777 728 1852 atque
743 1767 776 1833 in
789 1767 937 1834 verticem
949 1770 1063 1836 montis

113 1852 210 1916 vicini
225 1852 423 1936 supportavit.

551 1981 621 2038 101.

157 2102 299 2166 Tandem
321 2098 480 2177 Philistaei,
507 2099 560 2182 qui
593 2097 773 2195 Samsonem
801 2100 1062 2184 comprehendere

115 2188 326 2268 nequiverant,
340 2185 422 2249 illius
436 2204 562 2248 uxorem
583 2182 717 2267 pecunia
737 2195 948 2268 corruperunt,
970 2196 1004 2249 ut
1024 2206 1063 2248 ea

115 2273 214 2334 virum
229 2271 382 2366 proderet

157 2354 311 2418 Mulier'
285 2375 349 2418 vrro
363 2351 515 2450 persuasit
527 2362 562 2415 ut
576 2351 635 2414 sibi
656 2352 809 2417 indicaret
829 2373 954 2418 causam
967 2363 1062 2418 tantae

113 2439 254 2518 virtutis;
275 2449 317 2514 et,
337 2437 392 2500 ubi
407 2437 531 2501 rescivit
543 2436 622 2499 vires
636 2437 702 2522 ejus
717 2439 748 2502 in
762 2438 883 2522 capillis
897 2439 971 2502 sitas
985 2461 1062 2517 esse,

115 2534 224 2669 capiatl
241 2485 420 2586 dormientis
447 2514 590 2610 totondit,
613 2531 704 2604 atque
729 2522 772 2586 ita
799 2543 871 2587 eum
900 2521 1063 2588 Philistaeis

114 2619 162 2671 tra
185 2629 194 2668 1
218 2606 250 2670 it.

158 2691 218 2769 llli,
229 2689 347 2754 effossis
361 2688 470 2766 oculis,
483 2688 622 2754 vinctum
636 2691 668 2756 in
678 2711 836 2756 carcerem
850 2691 1061 2777 conjecemnt,

116 2775 230 2856 diuque
245 2775 379 2842 ludibrio
392 2773 576 2838 habuerunt.

159 2859 222 2922 Sed
244 2859 344 2942 spatio
366 2858 512 2942 temporis
531 2857 624 2922 crinis
638 2858 759 2922 accisus
773 2879 923 2938 crescere,
937 2870 970 2924 et
990 2879 1062 2954 cum

117 2943 201 3008 crine
223 2943 317 3006 virtus
341 2943 450 3019 redire,
475 2943 592 3026 coepit3
620 2943 744 3028 jamque
768 2944 898 3008 Samson
919 2941 1062 3008 conscius

116 3027 235 3110 recepti
250 3027 388 3093 roboris
376 3037 468 3114 Justoe
483 3026 608 3091 ultionis
621 3040 744 3112 tempus
758 3027 987 3112 opperiebatur.

552 3156 622 3216 102.
710 3190 715 3201 =

12 3331 14 3346 .
157 3271 233 3335 Erat
245 3269 410 3336 Phrlrstoers
430 3291 507 3349 mos,
521 3291 617 3368 qpum
637 3270 704 3334 dies
726 3270 820 3336 festos
838 3280 971 3422 berent,
993 3291 1063 3356 pro·
1180 3285 1181 3304 ι

12 3357 14 3442 j
115 3357 231 3422 diruam
260 3343 443 3422 Samsonern
465 3355 554 3440 quasi
575 3355 607 3422 in
629 3367 775 3440 pompam
795 3355 861 3438 pub
884 3373 964 3436 cam,
988 3375 1063 3440 cap-

118 3453 210 3523 toque
225 3439 380 3506 insultare.
