2386 3822
583 158 633 230 54

177 338 251 402 Erat
265 357 356 420 porro
370 337 489 403 infinita
509 339 674 402 multitudo
695 337 726 402 in
740 337 879 402 exercitu
895 337 1089 402 Medinnita·

134 443 218 486 runr:
239 443 311 485 nem
325 443 396 486 curn
411 422 447 484 iis
462 444 515 486 rex
529 422 771 487 Arneleeitarum
785 443 818 486 se
832 423 1043 506 conjunxerat.

175 505 296 569 Tamen
318 505 403 570 Deus
425 507 502 570 dixit
520 505 682 570 Gedeoni:
703 527 766 570 non
787 527 865 588 opus
886 517 934 570 est
954 507 1011 570 tibi
1033 517 1093 572 tot

132 589 268 653 millibus
295 590 473 670 hominum
507 591 638 654 dimissis
668 589 800 667 eaeteris,
829 590 926 654 retine
961 593 1086 654 ttntdrn

133 685 287 738 trecentos
308 673 397 752 viros,
411 695 451 738 ne
466 673 624 740 victoriam
648 695 712 738 suae
727 673 828 738 virtuti
854 673 999 752 tribuent,
1014 695 1085 740 non

133 757 279 840 potentiss
295 757 417 823 divinae.

579 903 631 964 97.

173 1019 305 1084 Gedeon
320 1031 474 1086 trecentos
488 1020 568 1084 viros
590 1019 622 1084 in
644 1030 705 1084 tres
727 1032 829 1102 partes
843 1021 954 1099 divisit,
977 1023 1083 1088 dedit·

132 1125 192 1186 que
213 1105 274 1168 illis
296 1103 387 1168 tubas
407 1116 440 1169 et
461 1104 589 1191 lagenas
613 1114 775 1182 testaceus,
803 1105 836 1170 in
857 1107 969 1188 quibus
989 1121 1083 1174 erant

132 1187 290 1272 lampades
305 1210 458 1253 accensae.
1176 1259 1177 1266 χ

174 1273 226 1350 Hi,
248 1273 350 1337 medii
371 1286 464 1337 nocte
487 1273 616 1358 ingressi
637 1285 738 1337 eastre
760 1275 903 1352 hostium,
917 1289 1083 1360 coeperunt

131 1358 213 1421 tubis
227 1358 383 1441 clangere,
398 1370 431 1422 et
444 1357 592 1421 collidere
607 1358 686 1421 inter
700 1379 734 1422 se
748 1359 885 1441 lagenas.

173 1441 365 1520 Minuitur,
378 1443 484 1506 audito
498 1443 641 1506 tubarum
662 1443 764 1506 sonitu
784 1454 817 1506 et
836 1443 907 1507 visis
929 1445 1081 1528 lernpedi-
1176 1454 1177 1474 ¹

130 1527 198 1674 bls’
222 1528 334 1590 turbati
356 1539 436 1606 sunt,
458 1539 491 1592 et
512 1527 592 1610 turpi
614 1527 698 1612 fugi,
726 1548 787 1609 quo
808 1529 938 1611 quisque
967 1531 1082 1612 potnit,

130 1613 194 1674 dia
216 1611 241 1675 si
256 1623 335 1675 sunt.

118 1710 122 1718 ’
173 1633 315 1777 Dlrniqne
330 1696 451 1782 gladios
471 1697 504 1759 in
526 1715 559 1758 se
577 1694 711 1760 invicem
725 1707 951 1774 eonverterunt,
965 1709 998 1762 et
1010 1719 1081 1762 rnu-

132 1780 184 1842 tud
198 1781 287 1844 eaede
301 1801 334 1843 se
349 1781 550 1844 trucidltnrnt.

174 1863 304 1927 Gedeon
325 1864 459 1928 hostium
479 1885 569 1950 reges
590 1875 771 1947 persecutus
792 1877 850 1946 est,
878 1877 911 1930 et
938 1887 1083 1951 compre·

131 1948 242 2014 hensos
256 1949 327 2012 neci
341 1949 438 2013 dedit.

580 2092 631 2152 98.

173 2221 281 2290 Quum
302 2220 429 2284 Hebraei
444 2221 475 2284 in
490 2232 644 2304 potestate
665 2233 769 2285 essent
789 2221 1024 2299 Philistaeorum,
1045 2233 1083 2287 et

130 2304 261 2454 ἓξεῐίἰΙιΙΙιέι
277 2306 494 2390 affligerentur,
516 2317 606 2369 natus
627 2317 675 2371 est
695 2307 835 2402 Samson,
858 2307 975 2370 litturus
996 2307 1084 2372 ultor

172 2473 273 2560 Hujus
287 2483 386 2537 mater
398 2473 451 2536 diu
466 2473 576 2536 sterilis
590 2473 698 2551 linerat,
713 2475 768 2538 sed
782 2475 811 2538 ei
831 2475 961 2559 angelus
982 2475 1082 2538 Dom-

131 2559 174 2622 ini
209 2557 359 2640 apparuit,
386 2557 587 2639 praedixitque
616 2579 687 2621 eam
707 2561 873 2642 parituram
903 2559 999 2622 lilium
1024 2561 1081 2642 qui

131 2643 214 2706 cives
228 2663 299 2704 suos
313 2642 345 2705 in
360 2641 533 2705 libertatern
547 2643 712 2725 aliquando
727 2645 906 2707 vindicaret„

174 2723 274 2790 Enixa
287 2745 427 2809 puerum,
441 2745 553 2789 nomen
568 2727 727 2790 Samsonis
740 2729 770 2790 ei
785 2729 906 2792 indidit.

172 2811 252 2875 Puer
273 2810 390 2889 crevit;
411 2811 564 2876 intonsam
585 2811 693 2876 habuit
713 2833 859 2893 eomam3
879 2833 940 2876 nec
962 2812 1082 2890 vinum,

129 2917 189 2960 nee
211 2896 342 2960 siceram
362 2895 461 2974 bibit3
496 2891 671 2959 incredibili
702 2895 761 2962 suit
782 2897 920 2982 corporis
941 2897 1053 2962 robore
1071 2921 1082 2977 3

16 3043 17 3046 ,
130 2981 254 3046 obvium
267 2980 390 3045 leonem
403 2999 497 3045 rnanu
512 2976 675 3044 interfecit.

580 3153 631 3214 99.

174 3283 305 3381 Samson
326 3285 449 3351 adultus
474 3285 647 3352 Philistoeos
661 3288 766 3386 multis
788 3288 895 3354 affecit
915 3288 1083 3354 cladibus:

131 3370 448 3535 titltgttlttt¹
478 3374 946 3556 stuntttldtttm
960 3373 1082 3458 ml*
