2386 3822
564 182 615 257 40

118 362 1074 450 bmtdstlnmineseptemsaocmpingtmsqtmpasoe-

122 450 231 514 bantur
245 449 276 512 in
290 447 414 533 palude·

162 533 283 600 Deinde
305 545 424 618 septem
444 530 515 600 atto
537 553 643 601 rocon
668 532 846 600 macilenta
866 531 1007 600 merant
1028 552 1074 594 ex

120 619 233 683 eodem
247 619 382 696 flumine,
395 639 466 702 quae
480 617 665 684 desorirunt
678 617 805 701 priores.

163 702 281 767 Pharao
315 713 512 788 experrectus
539 723 658 766 narsum
688 700 840 778 dormivit,
871 710 904 764 et
934 698 1072 764 alterum

121 787 230 851 habuit
244 788 404 851 somnium.

165 871 293 958 Septem
314 871 409 956 spioae
430 871 532 956 plenae
561 871 788 937 enascehantur
808 866 841 932 in
861 889 925 932 uno
952 865 1072 946 culmo,

122 953 253 1038 aliaeque
270 955 403 1105 potidem
416 955 513 1021 exiles
526 953 775 1032 succrescebant,
789 963 823 1018 et
836 951 938 1038 spicas
959 951 1072 1036 planas

122 1061 269 1105 consume
293 1051 355 1104 ant.

568 1132 619 1190 51.

165 1227 228 1292 Ubi
255 1227 366 1306 illuxit,
393 1227 512 1294 Pharao
541 1229 736 1312 perturbatus
756 1224 941 1292 convocavit
961 1243 1073 1290 munes

123 1313 316 1400 conjectores
444 1314 477 1392 ti,
511 1324 544 1378 et
577 1313 710 1378 namavit
736 1309 796 1379 illis
830 1312 1002 1390 somnium
1038 1317 1073 1372 ut

124 1419 216 1464 nemo
230 1407 351 1484 poterat
364 1397 420 1464 illu
454 1397 658 1480 interpretari.

165 1479 258 1548 Tunc
288 1481 453 1566 praefectus
474 1481 689 1566 pincernarum
708 1481 786 1546 dixit
806 1481 897 1568 regi:
917 1481 1072 1546 confiteor

125 1578 290 1652 peccatum
303 1589 427 1632 meum:
449 1589 543 1650 quum
561 1588 623 1654 ego
635 1576 668 1630 ct
682 1565 847 1650 praefeotus
861 1564 1008 1648 pistorum
1021 1582 1072 1624 es-
1174 1577 1175 1588 ¹

125 1673 226 1716 samus
240 1653 272 1716 in
286 1673 421 1730 carcere,
436 1663 566 1734 uterque
581 1651 796 1716 somniavimus
810 1649 920 1714 eidem
934 1658 1039 1713 nocte.
1174 1651 1175 1656 ’

168 1735 242 1802 Erat
262 1735 404 1822 ibi'puer
425 1735 588 1814 Hebraeus,
611 1737 663 1818 qui
692 1735 781 1800 nobis
802 1735 958 1820 sapienter
978 1731 1071 1798 inter-

126 1829 262 1905 pretetus
282 1831 330 1884 est
351 1821 489 1900 somnia;
509 1841 558 1883 res
578 1819 662 1884 enim
683 1817 966 1904 interpretationem
986 1836 1072 1881 com·
1175 1891 1176 1894 Ἴ

127 1903 276 1990 probavit
832 1898 844 1924 ⁰
1175 1909 1176 1914 ’

168 2093 238 2158 Rex
264 2093 423 2160 arcessivit
443 2094 621 2179 Iosephum,
642 2091 733 2174 eique
753 2091 885 2156 narravit
908 2101 1071 2172 utriunque

127 2178 289 2262 somnium.
342 2177 425 2244 Tum
444 2180 596 2262 Iosephus
617 2177 789 2246 Pharaoni:
817 2175 942 2260 duplex,
963 2173 1072 2256 inquit,
1175 2201 1176 2236 ς

128 2261 279 2328 somnium
293 2283 387 2328 unam
400 2275 492 2358 atque
506 2261 637 2326 eandem
650 2282 716 2324 rem
729 2261 895 2346 significat

170 2347 299 2430 Septem
313 2368 418 2410 vaccae
443 2367 573 2429 pingues
595 2359 627 2410 et
640 2357 760 2428 septem
774 2346 870 2430 spicae
886 2342 986 2428 plene
1001 2351 1074 2409 sunt
1175 2353 1176 2360 ’

128 2441 248 2516 septem
262 2431 334 2494 anni
349 2430 496 2494 ubertatis
509 2451 581 2494 mox
593 2440 741 2496 senturae.

172 2515 300 2596 Septem
310 2514 381 2581 verd
392 2535 496 2579 vacem
507 2515 682 2578 macilentae
697 2526 730 2580 et
739 2527 859 2597 septem
869 2513 965 2596 spicoe
977 2506 1073 2576 eriles

129 2609 201 2662 sunt
215 2600 345 2663 totidem
359 2599 431 2662 anni
446 2598 542 2676 furnis,
557 2621 627 2696 quae
643 2599 816 2662 ubertatem
830 2606 975 2662 secutura
987 2605 1044 2659 est

172 2683 292 2764 Itaque,
307 2703 370 2761 rex,
385 2683 508 2766 praefice
524 2693 580 2748 totr
594 2683 732 2768 AEgypto
745 2683 842 2746 virum
856 2681 1028 2765 sapientem
1041 2688 1073 2741 et

130 2766 322 2846 industrium,
333 2768 386 2850 qui
400 2779 516 2851 partem
531 2767 653 2851 frugum
666 2767 815 2830 recondat
828 2765 859 2830 in
870 2765 986 2828 horreis
996 2762 1073 2846 pub·

132 2850 210 2930 licis,
224 2864 384 2936 servetque
397 2851 561 2939 diligenter
575 2852 608 2917 in
622 2850 792 2916 subsidium
807 2849 895 2915 samis
909 2858 1072 2914 secuturae.

161 3071 256 3156 ¹Regi
277 3067 396 3153 placuit
408 2974 705 3150 eonsiliumlsshuare
727 3065 804 3131 dixit
824 3066 980 3152 Josephot
1000 3083 1073 3128 num

133 3156 293 3237 quisquam
314 3154 418 3258 ffllfil
434 3153 570 3235 AEgypto
591 3163 623 3215 te
644 3152 834 3237 sapientior?
866 3151 969 3216 Nemo
989 3150 1072 3213 certe

135 3237 152 3302 r
204 3238 396 3385 tttlttt
409 3236 616 3404 lhttg‘t
630 3319 703 3384 ms.
759 3379 760 3384 a
910 3265 914 3274 ’

176 3404 260 3468 Turn
272 3405 404 3468 detraxit
416 3424 434 3470 e
448 3425 540 3468 manu
555 3405 609 3468 sud
623 3403 779 3500 apuuhim,
793 3413 826 3468 et
837 3401 963 3484 loseplu'
976 3399 1076 3484 digito

138 3487 284 3568 inseruit3
316 3489 415 3552 induit
445 3487 534 3552 illum
563 3499 650 3558 veste
677 3487 809 3568 broad,
832 3485 917 3552 collo
937 3496 1076 3566 tmolum
