2386 3822
591 175 633 246 81

184 354 285 418 Greci
300 355 363 419 dam
376 373 493 440 genera
505 353 579 420 almi
603 357 735 420 nostres
761 363 944 432 montosam,
962 373 1033 438 qaae
1046 355 1087 421 sit

140 438 279 522 amplior,
293 451 508 523 campestrem,
521 460 591 521 quae
607 438 763 504 fructuosa
776 438 826 502 sit.

182 523 326 586 Hiemem
353 525 500 607 praesagit
527 523 657 586 hirundo
678 534 742 586 tam
767 522 855 606 juxta
875 543 988 605 aquam
1009 522 1085 588 voli·

139 616 207 670 tans
221 617 256 672 ut
269 627 387 691 pennas
400 629 485 691 saepe
498 607 663 691 percutiat.

590 737 639 794 ll.

180 830 303 896 Malitia
316 831 382 916 ipsa
395 831 559 896 maximam
574 842 690 914 partem
705 831 815 896 veneni
830 831 877 895 sui
892 831 982 897 bibit

178 915 303 1012 Tprpis,
317 915 369 999 qui
388 916 453 979 alto
474 916 538 980 sole
561 915 750 980 semisomnis
767 916 864 1000 jacet,
879 917 967 1002 cujus
981 915 1084 1002 vigilia

137 1000 241 1062 medio
255 999 321 1064 sole
335 1001 455 1083 incipit.

148 1156 151 1165 ¹
180 1083 288 1148 Mente
302 1085 389 1170 vigili
402 1096 494 1148 estoa
510 1084 604 1148 animi
626 1094 768 1148 vetemus
786 1105 865 1150 verae
880 1085 970 1150 morti
986 1083 1086 1155 affinis

138 1178 376 1335 estllqailalovi
391 1253 561 1331 dedicatur,
582 1253 620 1316 cd
645 1252 728 1335 qudd
752 1252 875 1319 volandi
899 1253 1084 1338 pernicitate

137 1357 209 1400 aves
223 1358 329 1401 omnes
343 1337 486 1400 excellat.

180 1419 270 1485 Elide
308 1421 478 1485 certamina
515 1421 731 1506 quadrigarum
777 1423 908 1507 primdm
943 1421 1084 1489 instituta

137 1516 315 1673 sugdythe
339 1601 374 1654 ut
407 1590 520 1654 samem
543 1586 664 1673 longiirs
693 1587 800 1655 tollere
829 1588 956 1674 possint,
981 1593 1084 1658 sasc'iis

137 1683 277 1739 ventrem
291 1675 479 1740 strictissime
494 1674 722 1760 circumligant.

582 1805 630 1862 12.

179 1916 344 1985 Stellarum
357 1915 443 2004 globi
458 1929 547 1984 terne
561 1917 805 2004 magnitudinem
820 1919 911 1986 facile
927 1936 1082 2008 superant.

178 2003 290 2070 Parvos
304 2004 465 2088 delphinas
479 2023 599 2087 semper
623 2003 734 2086 aliquis
751 2005 897 2088 grandior
918 2009 1084 2072 comitatur

137 2100 342 2257 utllluasggldm
366 2196 431 2238 mos
455 2183 578 2237 estnon
593 2171 719 2236 humare
733 2193 864 2256 corpora
877 2193 1000 2238 suorum
1022 2175 1082 2240 nisi

137 2281 158 2322 a
171 2259 241 2324 feris
255 2259 316 2322 sint
329 2269 401 2322 ante
416 2257 540 2322 laniata.
978 2279 981 2284 ·

179 2343 279 2406 Linea
291 2353 339 2405 est
352 2341 513 2426 longitudo
528 2340 669 2423 quaedam
684 2340 750 2404 sine
764 2341 938 2406 latitudine.

137 2511 159 2577 b
179 2427 323 2492 Socrates
337 2421 431 2492 totius
444 2422 550 2488 mnndi
572 2447 605 2488 se
628 2420 761 2490 incolam
781 2434 814 2489 et
834 2425 934 2490 civem
956 2397 1092 2492 arbitre-¹

160 2524 237 2577 atur.

582 2597 631 2658 13.

121 2759 123 2764 .
179 2719 397 2801 Anaxagoram
424 2715 535 2793 seruat,
568 2716 714 2780 nunciata
740 2727 838 2782 morte
860 2717 926 2796 filii,
947 2718 1082 2800 dixisse3

138 2803 267 2867 sacham
281 2823 323 2864 me
336 2797 483 2864 mortalem
491 2821 633 2884 gemae.
788 2847 790 2856 J
1083 2839 1086 2850 ι

179 2886 316 2952 Tiresias
334 2897 440 2949 caecus
464 2884 565 2950 lutura
577 2884 712 2962 videbat,
726 2885 778 2967 qai
792 2886 959 2969 praesentia
979 2888 1082 2950 videre

136 2989 200 3034 non
257 2970 324 3032 tuit.
1019 3033 1023 3042 ,

179 2991 347 3138 Dldogenes,
364 3053 541 3118 Alexandro
564 3052 693 3136 roganti,
708 3053 733 3116 si
757 3054 831 3134 quid
855 3056 914 3118 sibl
933 3071 1015 3137 opus
1035 3075 1084 3118 es-

136 3147 205 3217 set3
225 3137 317 3201 Nunc
330 3138 442 3223 quidem
450 3132 612 3220 pardulum,
627 3137 735 3218 inquit,
750 3159 769 3199 a
783 3137 840 3201 sola
854 3137 939 3200 absia

179 3221 295 3286 Thales
309 3221 423 3304 primus
443 3219 651 3296 defectionem
672 3221 756 3298 solis,
769 3231 919 3304 regnante
933 3223 1083 3307 Astyage,

137 3305 315 3391 pedire-e
331 3303 435 3371 lerum
516 3363 521 3377 ,

181 3391 328 3459 Soanas
340 3388 478 3462 execrari
498 3409 570 3452 eum
581 3388 705 3457 solebat
718 3389 771 3470 qui
793 3389 1084 3471 primusoaliaan

139 3474 180 3537 ab
193 3474 324 3537 honesto
337 3473 528 3558 sejunxisset.
804 3520 808 3528 .
