2386 3822
564 213 685 290 93‘

158 398 231 462 Doti
266 397 411 463 beneficii
442 399 592 464 debemus
621 399 772 480 oblivisci,
804 401 927 486 accepti
958 414 1060 468 autem

3 523 4 556 2
112 503 236 564 semper
249 483 432 548 meminisse.

157 567 248 629 Titus
272 568 478 650 Vespasianus
506 590 598 651 super
621 589 744 632 coenam
768 569 935 650 aliquando
959 592 1062 636 recor-

28 695 31 703 .
112 649 212 726 dutus,
228 651 311 732 qubd
324 671 363 714 eo
377 651 427 714 die
438 653 554 716 nemini
565 653 732 736 quicquam
742 653 943 738 praestitisset,
956 654 1060 734 Amici,

112 733 221 816 iuquit,
235 735 308 798 dmm
315 736 445 820 perdidi.

505 837 667 892 DESIDIA.

154 915 313 990 Desidiam
326 947 386 990 ceu
401 937 519 1009 pestem
532 929 688 1008 quandam
710 949 830 1012 semper
844 928 963 1014 litgite3
983 930 1060 995 nihil

111 1029 174 1074 nou
187 1011 337 1076 mulorum
350 1011 433 1074 enim
446 1013 541 1074 docet
554 1011 683 1074 desidia.

153 1096 213 1159 Per
226 1106 379 1178 torporem
394 1095 473 1158 vires
486 1107 519 1158 et
532 1096 691 1179 ingenium
704 1096 854 1162 defluunt.

152 1178 298 1262 Improbe
319 1180 446 1244 vitanda
466 1190 515 1243 est
532 1179 652 1244 desidia
673 1181 773 1244 siren:
789 1182 919 1260 euobis,
930 1183 1060 1266 juvenes

110 1264 220 1346 procul
249 1265 351 1328 absint
377 1264 493 1342 mollia,
517 1263 653 1345 blanda3
675 1266 770 1328 ardua
791 1265 898 1348 petite,
919 1266 1060 1330 difficilia

109 1347 276 1444 suscipite3
298 1369 353 1431 per
367 1369 450 1426 saxa,
471 1367 527 1432 per
547 1369 648 1432 rupes,
663 1369 719 1434 per
739 1350 837 1433 ignes,
855 1351 974 1414 divinas
988 1351 1059 1415 Mu-

108 1452 159 1494 ses
174 1433 377 1496 msectaruini.

152 1515 238 1613 Niliil
253 1517 393 1614 agendo,
405 1516 486 1580 mulia
508 1537 602 1615 agere
626 1517 803 1602 perdisces:
824 1529 859 1582 ut
874 1519 986 1604 rubigo
1000 1517 1060 1584 ser·

108 1621 185 1677 rum,
200 1612 243 1665 ita
256 1613 354 1665 otium
366 1623 445 1665 vires
459 1612 622 1668 consumit.

151 1685 195 1750 Ut
218 1707 307 1768 aqure
328 1697 509 1770 stagnantes
535 1685 626 1752 facile
649 1697 896 1772 cumunpuntur,
918 1687 963 1752 sic
985 1689 1056 1766 vitu,

102 1768 193 1835 nullo
206 1771 333 1855 negotio
347 1781 512 1854 occupata,
526 1772 607 1836 vitiis
620 1772 769 1838 obruitur.

436 1885 726 1942 TEMPERANTIA.

148 1974 376 2071 Tempemntia,
400 1974 433 2038 in
460 1976 553 2039 rebus
573 1985 629 2038 uut
649 1975 840 2058 expetendis,
862 1986 916 2042 aut
935 1974 1057 2058 tirgien-

103 2057 163 2136 dis,
177 2069 327 2124 rationem
340 2071 375 2123 ut
389 2080 553 2141 sequamur
565 2069 682 2122 monet.

147 2143 184 2208 In
198 2145 341 2230 omnibus
355 2144 548 2208 adhibendus
562 2154 610 2206 est
623 2143 751 2206 modus:
764 2163 827 2206 non
841 2144 989 2226 quantirm
1003 2163 1056 2206 re-

103 2226 152 2305 iis,
167 2228 221 2291 sed
235 2229 382 2310 quantbm
397 2249 516 2292 sumere
531 2228 658 2305 debeas,
677 2227 880 2310 temperantia
895 2227 1053 2310 pennittit.

2 2367 3 2370 ,
104 2311 207 2376 Mater
229 2313 367 2378 sanitatis
388 2324 436 2378 est
457 2313 663 2392 abstinentia3
684 2321 782 2376 mater
796 2311 987 2395 egritudinis
1001 2331 1055 2376 vo·

104 2396 206 2479 luptus
219 2420 227 2459 :
242 2397 448 2481 temperantia
457 2397 540 2460 enim
550 2409 582 2460 et
595 2397 719 2460 morbos
729 2407 762 2460 et
771 2406 942 2480 egestatem
956 2407 1053 2459 arcet.

146 2481 238 2545 Solus
252 2483 285 2545 in
306 2482 423 2546 illicitis
437 2503 500 2546 non
513 2483 608 2560 cadit,
623 2482 676 2566 qui
689 2502 724 2546 se
738 2480 906 2563 aliquando
926 2491 959 2545 et
980 2501 999 2544 a
1017 2479 1054 2545 li-

94 2564 173 2628 ·citis
187 2567 276 2630 caute
291 2567 435 2630 abstinet.

145 2649 334 2734 Pythagoras
349 2651 549 2734 philosophus
563 2649 711 2714 olusculis
725 2651 843 2714 tantum
865 2659 898 2713 et
912 2647 1052 2732 frugibus

97 2735 295 2812 vescebatur,
309 2735 454 2800 carnibus
467 2735 662 2800 abstinebat:
676 2746 783 2817 potum
797 2734 842 2798 illi
856 2732 924 2797 fons
934 2733 1051 2800 tribuit.

376 2883 378 2885 .
473 2838 687 2894 NOBILITAS.

144 2928 281 2990 Virtutes
295 2929 379 2990 certe
393 2927 522 3004 faciunt,
536 2936 571 2989 ut
585 2925 663 2989 alter
677 2923 775 2988 altero
789 2923 922 2987 nobilior
935 2921 984 2985 sit.

144 3012 260 3075 Praeter
284 3013 427 3075 virtutem
448 3010 565 3074 nullam
587 3029 725 3093 agnosco
748 3003 1051 3086 nobilitatem51eli·

97 3097 249 3180 quereri>
264 3106 379 3160 cuncta
394 3095 523 3159 fortunae
540 3095 669 3159 oestimo.
868 3124 871 3128 -

143 3181 202 3245 Illc
218 3181 329 3258 clarus,
344 3180 396 3245 ille
418 3179 567 3256 sublimis,
582 3178 634 3241 ille
655 3175 778 3255 nobilis,
791 3177 846 3259 qui
867 3172 1053 3258 dedignatur

93 3266 213 3330 servire
228 3265 309 3328 vitiis
323 3276 354 3328 et
369 3265 408 3328 ab
422 3265 467 3328 eis
482 3261 627 3346 superari.
886 3308 888 3312 .
958 3341 964 3354 ι

144 3351 249 3414 Bonus
263 3349 309 3413 vir
321 3349 395 3413 mihi
417 3349 530 3412 nobilis
551 3349 690 3410 sirletus:
711 3346 764 3426 qui
779 3343 850 3407 verb
871 3363 933 3406 non
952 3352 1053 3426 justus

96 3445 159 3511 est,
174 3435 250 3498 licet
264 3456 284 3497 a
298 3444 385 3516 putre
399 3434 536 3510 meliore,
551 3433 643 3514 quim
656 3429 777 3510 Jupiter
798 3438 855 3505 est,
876 3448 975 3512 genus
995 3427 1054 3491 du·

94 3531 163 3600 cat,
179 3518 325 3602 ignobilis
337 3518 413 3584 mihi
428 3519 556 3581 videtur.
