2386 3822
560 147 611 222 dd

150 323 304 408 Josepun
331 345 386 392 eos
408 325 579 394 clementer
599 329 753 408 amavit,
776 329 1059 414 interrogavitque:

109 409 333 558 mlffippuecsp
346 432 440 476 senex
456 411 510 476 ilie
523 433 617 494 quem
636 433 691 478 vos
704 425 823 497 putrem
835 414 979 480 habetis?
1002 417 1060 480 Vi·

109 514 138 674 v?
151 578 217 674 Qui
244 545 486 664 responderunt3
517 581 618 646 salure
638 592 687 646 est
707 591 929 666 paternoster,
949 583 1056 649 adime

109 673 303 832 VlvJliisepirus
331 759 445 826 autem,
473 749 625 835 conjectis
645 749 678 814 in
699 749 913 835 Benjaminum
943 751 1054 830 oculis,

108 830 205 895 dixit:
227 833 284 896 iste
307 843 354 898 est
369 833 460 898 frater
473 845 573 899 vester
595 833 749 912 minimus,
763 835 816 916 qui
829 836 912 900 domi
934 857 1056 901 reman-

108 925 191 980 serat
203 916 287 1000 apud
299 917 444 999 patrem?

149 999 190 1064 Et
209 1021 330 1064 nnsus:
351 1001 436 1086 Deus
457 1001 497 1066 sit
517 1002 574 1066 tibi
595 1001 753 1085 propitius,
774 1003 818 1067 fili
838 1003 881 1068 mi
892 1027 902 1084 ;
922 1016 956 1070 et
976 1004 1054 1070 abiit

108 1081 264 1162 festinans,
293 1084 367 1166 qnia
399 1097 571 1152 commotus
600 1096 666 1152 erat
702 1087 816 1167 animo,
847 1099 880 1154 et
907 1087 1053 1173 lacrymae

107 1169 321 1251 erumpebant.
562 1258 602 1318 64

147 1355 300 1454 Joseplius
314 1356 377 1420 lctd
397 1355 478 1422 facie
498 1377 654 1442 regressru
674 1357 828 1422 continuit
848 1379 892 1438 se,
914 1359 1054 1445 etjcssit

107 1459 230 1590 ΒΡΨιιῗιιι
236 1442 397 1623 cdiiotrsibnit
410 1549 515 1592 escam
528 1526 698 1624 unicuique
707 1526 833 1591 demum
846 1548 985 1592 suorum:
997 1530 1054 1594 sed

107 1632 177 1695 pars
197 1611 368 1695 Benjamini
382 1624 449 1677 erat
462 1611 625 1694 quintuplo
638 1631 735 1695 major
747 1613 840 1693 quim
858 1623 1053 1677 ceterorum.

148 1695 279 1759 Peracto
292 1697 444 1775 conuiuio,
467 1696 620 1843 Jcsephus
643 1697 698 1759 dat
720 1697 881 1780 negotium
894 1697 1054 1780 dispense-

106 1780 174 1856 tori,
186 1789 220 1842 ut
233 1799 342 1843 saccos
355 1801 462 1844 eorum
476 1781 540 1862 imp
552 1790 604 1844 eat
614 1779 776 1857 munento,
787 1781 952 1863 pecunim
962 1781 1053 1844 simul

106 1873 244 1946 reponat,
258 1873 290 1926 et
304 1863 429 1948 insuper
442 1864 593 1948 scyphum
613 1885 701 1928 suum
715 1874 898 1948 argenteum
912 1865 944 1928 in
958 1887 1054 1930 sacco

105 1946 276 2032 Benjamini
291 1949 451 2012 recondat.

146 2033 204 2098 Ille
219 2033 294 2098 fecit
307 2032 472 2118 diligenter
485 2034 569 2116 quod
579 2034 681 2119 jussus
695 2033 803 2098 iuerat.

555 2139 605 2199 65.

146 2239 267 2304 Fratres
301 2239 429 2323 Josephi
458 2259 525 2302 sese
553 2238 586 2302 in
613 2238 694 2302 viam
726 2235 886 2316 dederant,
916 2238 1052 2302 necdum

90 2323 215 2408 ‘procul
230 2326 270 2387 ab
285 2323 361 2387 urbe
377 2323 516 2387 aberant.

146 2409 238 2472 Tunc
263 2407 417 2490 Josephus
440 2407 561 2472 vocavit
581 2405 822 2492 dispensatorem
845 2403 1052 2486 demissum,
1175 2441 1176 2474 ι

104 2491 195 2574 eique
209 2493 306 2556 dixit:
326 2510 510 2575 persequere
532 2492 621 2569 viros,
644 2502 678 2555 et
701 2512 795 2574 quum
818 2512 873 2554 eos
892 2502 1051 2555 assecutus

105 2577 295 2724 suerdi’stiiilis
315 2576 431 2640 dicito:
466 2596 560 2658 quare
582 2576 723 2661 injuriam
743 2595 800 2660 pro
820 2575 975 2640 beneficio
1002 2597 1051 2640 re-

104 2683 166 2745 pen
266 2711 273 2724 .

147 2744 347 2828 Subripuistis
361 2745 511 2829 scyphum
525 2753 715 2830 argenteum,
729 2765 793 2829 quo
806 2745 948 2810 dominus
962 2764 1063 2807 meus·

103 2830 219 2894 utitur:
241 2829 377 2912 improbe
393 2830 519 2894 fecistis

154 2915 355 2996 Dispensator
388 2915 535 2978 mandata
568 2913 695 2999 Josephi
730 2914 885 2998 perfecit5
919 2913 960 2976 ad
995 2933 1053 2977 eos

104 2998 267 3063 confestim
295 2998 468 3079 advolavit3
496 2999 610 3064 furtum
631 3000 843 3086 exprobrata
877 2997 921 3063 rei
948 2997 1052 3080 indig·
1175 3031 1176 3082 ι

103 3083 231 3148 nitatem
245 3081 398 3166 exposuit
1175 3117 1176 3124 ι

16 3291 17 3296 ’
145 3282 267 3346 Fratres
302 3283 429 3367 Josephi
460 3285 698 3366 responderunt
712 3283 936 3368 dispensatori:
969 3281 1054 3346 istud

103 3365 231 3430 sceleris
256 3367 348 3450 longe
363 3368 486 3432 anobis
506 3367 642 3434 alienum
661 3379 729 3449 est3
749 3389 816 3446 nos,
837 3378 872 3432 ut
893 3377 959 3431 tute
981 3366 1054 3443 scis,

104 3449 265 3515 retulimus
276 3450 359 3545 bont
373 3453 434 3517 fide
449 3451 614 3535 pecuniam
628 3464 780 3536 repertam
793 3453 826 3516 in
840 3451 940 3518 saccis
952 3473 960 3514 ι
