<?xml version="1.0" encoding="UTF-8"?>
<!DOCTYPE html PUBLIC "-//W3C//DTD XHTML 1.0 Transitional//EN"
    "http://www.w3.org/TR/xhtml1/DTD/xhtml1-transitional.dtd">
<html xmlns="http://www.w3.org/1999/xhtml" xml:lang="en" lang="en">
 <head>
  <title>
</title>
<meta http-equiv="Content-Type" content="text/html;charset=utf-8" />
  <meta name='ocr-system' content='tesseract 3.04.00' />
  <meta name='ocr-capabilities' content='ocr_page ocr_carea ocr_par ocr_line ocrx_word'/>
</head>
<body>
  <div class='ocr_page' id='page_1' title='image "./liberprimusoraf02danagoog_0115.png"; bbox 0 0 2380 3832; ppageno 0'>
   <div class='ocr_carea' id='block_1_1' title="bbox 97 393 1066 984">
    <p class='ocr_par' dir='ltr' id='par_1_1' title="bbox 97 393 1066 984">
     <span class='ocr_line' id='line_1_1' title="bbox 120 393 1066 483; baseline 0.004 -25"><span class='ocrx_word' id='word_1_1' title='bbox 120 393 296 458; x_wconf 77' lang='lat' dir='ltr'>Alexander</span> <span class='ocrx_word' id='word_1_2' title='bbox 309 395 370 458; x_wconf 88' lang='lat' dir='ltr'>hoe</span> <span class='ocrx_word' id='word_1_3' title='bbox 385 393 480 460; x_wconf 84' lang='lat' dir='ltr'>offleii</span> <span class='ocrx_word' id='word_1_4' title='bbox 493 416 607 479; x_wconf 84' lang='lat' dir='ltr'>genus3</span> <span class='ocrx_word' id='word_1_5' title='bbox 628 416 707 460; x_wconf 84' lang='lat' dir='ltr'>unus</span> <span class='ocrx_word' id='word_1_6' title='bbox 720 417 758 462; x_wconf 86' lang='lat' dir='ltr'>ex</span> <span class='ocrx_word' id='word_1_7' title='bbox 772 397 891 483; x_wconf 85' lang='lat' dir='ltr'>legatis,</span> <span class='ocrx_word' id='word_1_8' title='bbox 905 395 1005 476; x_wconf 73' lang='lat' dir='ltr'>Nuus,</span> <span class='ocrx_word' id='word_1_9' title='bbox 1019 398 1066 462; x_wconf 87' lang='lat' dir='ltr'>in-</span> 
     </span>
     <span class='ocr_line' id='line_1_2' title="bbox 120 478 1064 568; baseline 0.006 -28"><span class='ocrx_word' id='word_1_10' title='bbox 120 478 197 559; x_wconf 86' lang='lat' dir='ltr'>quit,</span> <span class='ocrx_word' id='word_1_11' title='bbox 210 478 348 542; x_wconf 79' lang='lat' dir='ltr'>ciuitatem</span> <span class='ocrx_word' id='word_1_12' title='bbox 361 503 487 564; x_wconf 84' lang='lat' dir='ltr'>unquam</span> <span class='ocrx_word' id='word_1_13' title='bbox 500 481 626 543; x_wconf 81' lang='lat' dir='ltr'><strong><em>dedimus</em></strong></span> <span class='ocrx_word' id='word_1_14' title='bbox 640 479 701 557; x_wconf 85' lang='lat' dir='ltr'>ulii,</span> <span class='ocrx_word' id='word_1_15' title='bbox 713 483 797 568; x_wconf 80' lang='lat' dir='ltr'>qudm</span> <span class='ocrx_word' id='word_1_16' title='bbox 813 483 864 544; x_wconf 80' lang='lat' dir='ltr'>tihi</span> <span class='ocrx_word' id='word_1_17' title='bbox 885 493 911 544; x_wconf 85' lang='lat' dir='ltr'>et</span> <span class='ocrx_word' id='word_1_18' title='bbox 932 481 1064 546; x_wconf 80' lang='lat' dir='ltr'><strong><em>Herculi.</em></strong></span> 
     </span>
     <span class='ocr_line' id='line_1_3' title="bbox 127 563 1066 648; baseline 0.004 -22"><span class='ocrx_word' id='word_1_19' title='bbox 127 577 131 590; x_wconf 87' lang='lat'><em>&#39;</em></span> <span class='ocrx_word' id='word_1_20' title='bbox 163 563 360 627; x_wconf 81' lang='lat' dir='ltr'>Antisthenes</span> <span class='ocrx_word' id='word_1_21' title='bbox 383 565 526 643; x_wconf 82' lang='lat' dir='ltr'>dicebat3</span> <span class='ocrx_word' id='word_1_22' title='bbox 549 566 643 628; x_wconf 88' lang='lat' dir='ltr'>satius</span> <span class='ocrx_word' id='word_1_23' title='bbox 665 585 732 628; x_wconf 89' lang='lat' dir='ltr'>esse</span> <span class='ocrx_word' id='word_1_24' title='bbox 754 585 827 628; x_wconf 92' lang='lat' dir='ltr'>cum</span> <span class='ocrx_word' id='word_1_25' title='bbox 848 567 955 648; x_wconf 83' lang='lat' dir='ltr'>paucis</span> <span class='ocrx_word' id='word_1_26' title='bbox 976 568 1066 634; x_wconf 83' lang='lat' dir='ltr'>bonis</span> 
     </span>
     <span class='ocr_line' id='line_1_4' title="bbox 97 647 1066 732; baseline 0.003 -21"><span class='ocrx_word' id='word_1_27' title='bbox 97 690 100 711; x_wconf 84' lang='lat'>.</span> <span class='ocrx_word' id='word_1_28' title='bbox 120 647 265 709; x_wconf 88' lang='lat' dir='ltr'>adversus</span> <span class='ocrx_word' id='word_1_29' title='bbox 279 668 384 712; x_wconf 80' lang='lat' dir='ltr'>omnes</span> <span class='ocrx_word' id='word_1_30' title='bbox 398 649 494 711; x_wconf 90' lang='lat' dir='ltr'>malos</span> <span class='ocrx_word' id='word_1_31' title='bbox 510 669 657 732; x_wconf 91' lang='lat' dir='ltr'>pugnare,</span> <span class='ocrx_word' id='word_1_32' title='bbox 679 650 771 731; x_wconf 79' lang='lat' dir='ltr'>quarn</span> <span class='ocrx_word' id='word_1_33' title='bbox 791 671 862 714; x_wconf 88' lang='lat' dir='ltr'>oum</span> <span class='ocrx_word' id='word_1_34' title='bbox 883 650 986 714; x_wconf 90' lang='lat' dir='ltr'>multis</span> <span class='ocrx_word' id='word_1_35' title='bbox 1001 673 1066 714; x_wconf 86' lang='lat' dir='ltr'>rna-</span> 
     </span>
     <span class='ocr_line' id='line_1_5' title="bbox 120 729 1066 814; baseline 0.008 -22"><span class='ocrx_word' id='word_1_36' title='bbox 120 729 310 794; x_wconf 86' lang='lat' dir='ltr'>lisadversus</span> <span class='ocrx_word' id='word_1_37' title='bbox 332 753 448 814; x_wconf 88' lang='lat' dir='ltr'>paucos</span> <span class='ocrx_word' id='word_1_38' title='bbox 473 733 581 795; x_wconf 88' lang='lat' dir='ltr'>bonos.</span> <span class='ocrx_word' id='word_1_39' title='bbox 625 734 753 796; x_wconf 85' lang='lat' dir='ltr'>Praestat</span> <span class='ocrx_word' id='word_1_40' title='bbox 774 735 856 798; x_wconf 89' lang='lat' dir='ltr'>enim</span> <span class='ocrx_word' id='word_1_41' title='bbox 877 735 916 798; x_wconf 92' lang='lat' dir='ltr'>de</span> <span class='ocrx_word' id='word_1_42' title='bbox 939 757 1066 800; x_wconf 89' lang='lat' dir='ltr'>numero</span> 
     </span>
     <span class='ocr_line' id='line_1_6' title="bbox 119 799 1066 900; baseline 0.007 -23"><span class='ocrx_word' id='word_1_43' title='bbox 119 799 380 893; x_wconf 62' lang='lat' dir='ltr'>bonorurn⁸esse,</span> <span class='ocrx_word' id='word_1_44' title='bbox 412 817 674 898; x_wconf 86' lang='lat' dir='ltr'>quorumubique</span> <span class='ocrx_word' id='word_1_45' title='bbox 697 818 803 880; x_wconf 86' lang='lat' dir='ltr'>raritas</span> <span class='ocrx_word' id='word_1_46' title='bbox 824 831 881 896; x_wconf 86' lang='lat' dir='ltr'>est,</span> <span class='ocrx_word' id='word_1_47' title='bbox 914 820 1005 900; x_wconf 77' lang='lat' dir='ltr'>quarn</span> <span class='ocrx_word' id='word_1_48' title='bbox 1025 821 1066 885; x_wconf 90' lang='lat' dir='ltr'>de</span> 
     </span>
     <span class='ocr_line' id='line_1_7' title="bbox 120 899 981 984; baseline 0.006 -23"><span class='ocrx_word' id='word_1_49' title='bbox 120 920 216 982; x_wconf 82' lang='lat' dir='ltr'>grege</span> <span class='ocrx_word' id='word_1_50' title='bbox 230 899 389 978; x_wconf 87' lang='lat' dir='ltr'>malorum,</span> <span class='ocrx_word' id='word_1_51' title='bbox 404 921 533 982; x_wconf 86' lang='lat' dir='ltr'>quorum</span> <span class='ocrx_word' id='word_1_52' title='bbox 547 902 661 984; x_wconf 89' lang='lat' dir='ltr'>ubique</span> <span class='ocrx_word' id='word_1_53' title='bbox 675 901 769 984; x_wconf 92' lang='lat' dir='ltr'>plena</span> <span class='ocrx_word' id='word_1_54' title='bbox 783 913 854 965; x_wconf 94' lang='lat' dir='ltr'>sunt</span> <span class='ocrx_word' id='word_1_55' title='bbox 868 905 981 966; x_wconf 86' lang='lat' dir='ltr'>omnia.</span> 
     </span>
    </p>
   </div>
   <div class='ocr_carea' id='block_1_2' title="bbox 119 1017 1067 1780">
    <p class='ocr_par' dir='ltr' id='par_1_2' title="bbox 120 1017 1067 1506">
     <span class='ocr_line' id='line_1_8' title="bbox 164 1017 1067 1104; baseline 0.003 -22"><span class='ocrx_word' id='word_1_56' title='bbox 164 1017 338 1082; x_wconf 83' lang='lat' dir='ltr'>Alexander</span> <span class='ocrx_word' id='word_1_57' title='bbox 359 1039 445 1082; x_wconf 91' lang='lat' dir='ltr'>suam</span> <span class='ocrx_word' id='word_1_58' title='bbox 469 1019 645 1103; x_wconf 81' lang='lat' dir='ltr'>imaginem,</span> <span class='ocrx_word' id='word_1_59' title='bbox 660 1019 699 1082; x_wconf 90' lang='lat' dir='ltr'>ab</span> <span class='ocrx_word' id='word_1_60' title='bbox 719 1019 830 1102; x_wconf 85' lang='lat' dir='ltr'>Apelle</span> <span class='ocrx_word' id='word_1_61' title='bbox 851 1022 977 1104; x_wconf 87' lang='lat' dir='ltr'>pictam,</span> <span class='ocrx_word' id='word_1_62' title='bbox 991 1043 1067 1086; x_wconf 89' lang='lat' dir='ltr'>con·</span> 
     </span>
     <span class='ocr_line' id='line_1_9' title="bbox 120 1102 1066 1188; baseline 0.008 -24"><span class='ocrx_word' id='word_1_63' title='bbox 120 1102 296 1186; x_wconf 87' lang='lat' dir='ltr'>templatus‚</span> <span class='ocrx_word' id='word_1_64' title='bbox 310 1123 372 1166; x_wconf 91' lang='lat' dir='ltr'>non</span> <span class='ocrx_word' id='word_1_65' title='bbox 387 1103 523 1166; x_wconf 90' lang='lat' dir='ltr'>laudavit</span> <span class='ocrx_word' id='word_1_66' title='bbox 537 1125 592 1186; x_wconf 96' lang='lat' dir='ltr'>pro</span> <span class='ocrx_word' id='word_1_67' title='bbox 605 1103 757 1186; x_wconf 83' lang='lat' dir='ltr'>dignitate</span> <span class='ocrx_word' id='word_1_68' title='bbox 772 1105 912 1188; x_wconf 78' lang='lat' dir='ltr'>picturae.</span> <span class='ocrx_word' id='word_1_69' title='bbox 957 1105 1066 1174; x_wconf 78' lang='lat' dir='ltr'>Quum</span> 
     </span>
     <span class='ocr_line' id='line_1_10' title="bbox 120 1185 1066 1271; baseline 0.006 -23"><span class='ocrx_word' id='word_1_70' title='bbox 120 1197 223 1249; x_wconf 89' lang='lat' dir='ltr'>autem</span> <span class='ocrx_word' id='word_1_71' title='bbox 245 1185 435 1252; x_wconf 86' lang='lat' dir='ltr'>introductus</span> <span class='ocrx_word' id='word_1_72' title='bbox 459 1209 556 1270; x_wconf 87' lang='lat' dir='ltr'>equus</span> <span class='ocrx_word' id='word_1_73' title='bbox 572 1187 744 1252; x_wconf 83' lang='lat' dir='ltr'>adhinniret</span> <span class='ocrx_word' id='word_1_74' title='bbox 765 1211 846 1271; x_wconf 90' lang='lat' dir='ltr'>equo</span> <span class='ocrx_word' id='word_1_75' title='bbox 868 1191 954 1252; x_wconf 85' lang='lat' dir='ltr'>istius</span> <span class='ocrx_word' id='word_1_76' title='bbox 976 1191 1066 1254; x_wconf 90' lang='lat' dir='ltr'>tabu·</span> 
     </span>
     <span class='ocr_line' id='line_1_11' title="bbox 120 1271 1066 1358; baseline 0.006 -24"><span class='ocrx_word' id='word_1_77' title='bbox 120 1271 169 1349; x_wconf 78' lang='lat' dir='ltr'>lae,</span> <span class='ocrx_word' id='word_1_78' title='bbox 184 1282 330 1354; x_wconf 86' lang='lat' dir='ltr'>tanquam</span> <span class='ocrx_word' id='word_1_79' title='bbox 344 1271 369 1336; x_wconf 92' lang='lat' dir='ltr'>si</span> <span class='ocrx_word' id='word_1_80' title='bbox 383 1293 471 1334; x_wconf 89' lang='lat' dir='ltr'>verus</span> <span class='ocrx_word' id='word_1_81' title='bbox 484 1284 565 1336; x_wconf 88' lang='lat' dir='ltr'>esset</span> <span class='ocrx_word' id='word_1_82' title='bbox 579 1285 611 1337; x_wconf 92' lang='lat' dir='ltr'>et</span> <span class='ocrx_word' id='word_1_83' title='bbox 627 1273 713 1356; x_wconf 90' lang='lat' dir='ltr'>ipse;</span> <span class='ocrx_word' id='word_1_84' title='bbox 738 1271 767 1336; x_wconf 93' lang='grc' dir='ltr'>Ο</span> <span class='ocrx_word' id='word_1_85' title='bbox 781 1297 841 1352; x_wconf 79' lang='lat' dir='ltr'>reu,</span> <span class='ocrx_word' id='word_1_86' title='bbox 856 1273 955 1357; x_wconf 92' lang='lat' dir='ltr'>inquit</span> <span class='ocrx_word' id='word_1_87' title='bbox 969 1275 1066 1358; x_wconf 88' lang='lat' dir='ltr'>Apel-</span> 
     </span>
     <span class='ocr_line' id='line_1_12' title="bbox 120 1353 1065 1444; baseline 0.008 -26"><span class='ocrx_word' id='word_1_88' title='bbox 120 1353 175 1431; x_wconf 90' lang='lat' dir='ltr'>les,</span> <span class='ocrx_word' id='word_1_89' title='bbox 189 1355 232 1420; x_wconf 82' lang='lat' dir='ltr'>hic</span> <span class='ocrx_word' id='word_1_90' title='bbox 246 1355 317 1420; x_wconf 74' lang='lat' dir='ltr'>sane</span> <span class='ocrx_word' id='word_1_91' title='bbox 344 1379 430 1442; x_wconf 77' lang='lat' dir='ltr'>equus</span> <span class='ocrx_word' id='word_1_92' title='bbox 452 1358 524 1421; x_wconf 88' lang='lat' dir='ltr'>artis</span> <span class='ocrx_word' id='word_1_93' title='bbox 545 1356 693 1442; x_wconf 83' lang='lat' dir='ltr'>plngendi</span> <span class='ocrx_word' id='word_1_94' title='bbox 714 1357 810 1421; x_wconf 74' lang='lat' dir='ltr'>multi)</span> <span class='ocrx_word' id='word_1_95' title='bbox 834 1359 960 1443; x_wconf 84' lang='lat' dir='ltr'>peritior</span> <span class='ocrx_word' id='word_1_96' title='bbox 972 1361 1065 1444; x_wconf 72' lang='lat' dir='ltr'>quam</span> 
     </span>
     <span class='ocr_line' id='line_1_13' title="bbox 123 1441 378 1506; baseline 0.008 -5"><span class='ocrx_word' id='word_1_97' title='bbox 123 1450 155 1502; x_wconf 84' lang='lat' dir='ltr'>tu</span> <span class='ocrx_word' id='word_1_98' title='bbox 167 1461 235 1504; x_wconf 90' lang='lat' dir='ltr'>esse</span> <span class='ocrx_word' id='word_1_99' title='bbox 248 1441 378 1506; x_wconf 87' lang='lat' dir='ltr'>videtur.</span> 
     </span>
    </p>

    <p class='ocr_par' dir='ltr' id='par_1_3' title="bbox 119 1525 1066 1780">
     <span class='ocr_line' id='line_1_14' title="bbox 162 1525 1066 1610; baseline 0.002 -20"><span class='ocrx_word' id='word_1_100' title='bbox 162 1525 391 1608; x_wconf 87' lang='lat' dir='ltr'>Epaminondas</span> <span class='ocrx_word' id='word_1_101' title='bbox 415 1547 508 1590; x_wconf 90' lang='lat' dir='ltr'>unum</span> <span class='ocrx_word' id='word_1_102' title='bbox 529 1526 667 1590; x_wconf 91' lang='lat' dir='ltr'>habebat</span> <span class='ocrx_word' id='word_1_103' title='bbox 687 1527 825 1610; x_wconf 89' lang='lat' dir='ltr'>pallium,</span> <span class='ocrx_word' id='word_1_104' title='bbox 848 1528 941 1610; x_wconf 89' lang='lat' dir='ltr'>idque</span> <span class='ocrx_word' id='word_1_105' title='bbox 970 1529 1066 1592; x_wconf 87' lang='lat' dir='ltr'>sordi·</span> 
     </span>
     <span class='ocr_line' id='line_1_15' title="bbox 120 1610 1064 1694; baseline 0.004 -22"><span class='ocrx_word' id='word_1_106' title='bbox 120 1610 214 1690; x_wconf 89' lang='lat' dir='ltr'>dum;</span> <span class='ocrx_word' id='word_1_107' title='bbox 235 1611 260 1674; x_wconf 87' lang='lat' dir='ltr'>si</span> <span class='ocrx_word' id='word_1_108' title='bbox 282 1612 406 1694; x_wconf 92' lang='lat' dir='ltr'>quando</span> <span class='ocrx_word' id='word_1_109' title='bbox 427 1610 497 1674; x_wconf 75' lang='lat' dir='ltr'>verb</span> <span class='ocrx_word' id='word_1_110' title='bbox 519 1611 596 1674; x_wconf 91' lang='lat' dir='ltr'>illud</span> <span class='ocrx_word' id='word_1_111' title='bbox 617 1611 804 1676; x_wconf 81' lang='lat' dir='ltr'>dedisset&#39;in</span> <span class='ocrx_word' id='word_1_112' title='bbox 827 1611 951 1676; x_wconf 84' lang='lat' dir='ltr'>fullonis</span> <span class='ocrx_word' id='word_1_113' title='bbox 965 1611 1064 1678; x_wconf 82' lang='lat' dir='ltr'>offici·</span> 
     </span>
     <span class='ocr_line' id='line_1_16' title="bbox 119 1695 974 1780; baseline 0.005 -24"><span class='ocrx_word' id='word_1_114' title='bbox 119 1716 201 1772; x_wconf 88' lang='lat' dir='ltr'>nam,</span> <span class='ocrx_word' id='word_1_115' title='bbox 215 1695 280 1780; x_wconf 88' lang='lat' dir='ltr'>ipse</span> <span class='ocrx_word' id='word_1_116' title='bbox 295 1718 328 1760; x_wconf 91' lang='lat' dir='ltr'>se</span> <span class='ocrx_word' id='word_1_117' title='bbox 343 1695 425 1759; x_wconf 93' lang='lat' dir='ltr'>domi</span> <span class='ocrx_word' id='word_1_118' title='bbox 441 1696 621 1760; x_wconf 85' lang='lat' dir='ltr'>continebat</span> <span class='ocrx_word' id='word_1_119' title='bbox 634 1696 676 1760; x_wconf 94' lang='lat' dir='ltr'>ob</span> <span class='ocrx_word' id='word_1_120' title='bbox 690 1696 824 1780; x_wconf 89' lang='lat' dir='ltr'>inopiam</span> <span class='ocrx_word' id='word_1_121' title='bbox 840 1697 974 1762; x_wconf 82' lang='lat' dir='ltr'>alterius.</span> 
     </span>
    </p>
   </div>
   <div class='ocr_carea' id='block_1_3' title="bbox 119 1820 1066 2498">
    <p class='ocr_par' dir='ltr' id='par_1_4' title="bbox 119 1820 1066 2307">
     <span class='ocr_line' id='line_1_17' title="bbox 162 1820 1066 1907; baseline 0.001 -23"><span class='ocrx_word' id='word_1_122' title='bbox 162 1821 362 1886; x_wconf 80' lang='lat' dir='ltr'>Anaxarchus</span> <span class='ocrx_word' id='word_1_123' title='bbox 397 1820 605 1885; x_wconf 76' lang='lat' dir='ltr'>Alexandrum</span> <span class='ocrx_word' id='word_1_124' title='bbox 636 1821 766 1900; x_wconf 89' lang='lat' dir='ltr'>ridebat,</span> <span class='ocrx_word' id='word_1_125' title='bbox 787 1823 870 1906; x_wconf 80' lang='lat' dir='ltr'>quhd</span> <span class='ocrx_word' id='word_1_126' title='bbox 904 1843 938 1888; x_wconf 83' lang='lat' dir='ltr'>re</span> <span class='ocrx_word' id='word_1_127' title='bbox 965 1823 1066 1907; x_wconf 85' lang='lat' dir='ltr'>ipsum</span> 
     </span>
     <span class='ocr_line' id='line_1_18' title="bbox 123 1903 434 1969; baseline 0 -1"><span class='ocrx_word' id='word_1_128' title='bbox 123 1904 224 1969; x_wconf 90' lang='lat' dir='ltr'>Deum</span> <span class='ocrx_word' id='word_1_129' title='bbox 239 1906 365 1969; x_wconf 87' lang='lat' dir='ltr'>faceret.</span> <span class='ocrx_word' id='word_1_130' title='bbox 429 1903 434 1914; x_wconf 84' lang='grc'><strong><em>’</em></strong></span> 
     </span>
     <span class='ocr_line' id='line_1_19' title="bbox 121 1989 1065 2074; baseline 0.006 -24"><span class='ocrx_word' id='word_1_131' title='bbox 121 2059 127 2072; x_wconf 29' lang='grc' dir='ltr'>ι</span> <span class='ocrx_word' id='word_1_132' title='bbox 162 1991 269 2060; x_wconf 78' lang='lat' dir='ltr'>Quum</span> <span class='ocrx_word' id='word_1_133' title='bbox 283 1989 352 2053; x_wconf 81' lang='lat' dir='ltr'>verb</span> <span class='ocrx_word' id='word_1_134' title='bbox 367 2000 531 2074; x_wconf 76' lang='lat' dir='ltr'>aegrotaret</span> <span class='ocrx_word' id='word_1_135' title='bbox 553 1989 718 2072; x_wconf 86' lang='lat' dir='ltr'>aliquando</span> <span class='ocrx_word' id='word_1_136' title='bbox 740 1993 923 2068; x_wconf 80' lang='lat' dir='ltr'>Alexander,</span> <span class='ocrx_word' id='word_1_137' title='bbox 937 2003 970 2054; x_wconf 89' lang='lat' dir='ltr'>et</span> <span class='ocrx_word' id='word_1_138' title='bbox 993 1993 1065 2056; x_wconf 88' lang='lat' dir='ltr'>ideo</span> 
     </span>
     <span class='ocr_line' id='line_1_20' title="bbox 119 2073 1066 2158; baseline 0 -18"><span class='ocrx_word' id='word_1_139' title='bbox 119 2075 257 2140; x_wconf 86' lang='lat' dir='ltr'>medicus</span> <span class='ocrx_word' id='word_1_140' title='bbox 292 2075 321 2138; x_wconf 88' lang='lat' dir='ltr'>ei</span> <span class='ocrx_word' id='word_1_141' title='bbox 355 2073 554 2138; x_wconf 87' lang='lat' dir='ltr'>sorbitionem</span> <span class='ocrx_word' id='word_1_142' title='bbox 589 2077 772 2158; x_wconf 86' lang='lat' dir='ltr'>praeeiporet</span> <span class='ocrx_word' id='word_1_143' title='bbox 803 2076 928 2158; x_wconf 80' lang='lat' dir='ltr'>parari3</span> <span class='ocrx_word' id='word_1_144' title='bbox 963 2075 1066 2140; x_wconf 81' lang='lat' dir='ltr'>ridens</span> 
     </span>
     <span class='ocr_line' id='line_1_21' title="bbox 120 2157 1066 2246; baseline -0.001 -24"><span class='ocrx_word' id='word_1_145' title='bbox 120 2159 341 2240; x_wconf 82' lang='lat' dir='ltr'>Anaxarchus3</span> <span class='ocrx_word' id='word_1_146' title='bbox 370 2159 525 2242; x_wconf 74' lang='lat' dir='ltr'>Atnortri</span> <span class='ocrx_word' id='word_1_147' title='bbox 548 2157 618 2236; x_wconf 83' lang='lat' dir='ltr'>Dei,</span> <span class='ocrx_word' id='word_1_148' title='bbox 640 2158 748 2244; x_wconf 90' lang='lat' dir='ltr'>inquit,</span> <span class='ocrx_word' id='word_1_149' title='bbox 773 2160 804 2224; x_wconf 81' lang='lat' dir='ltr'>io</span> <span class='ocrx_word' id='word_1_150' title='bbox 828 2158 981 2222; x_wconf 79' lang='lat' dir='ltr'>sorbitione</span> <span class='ocrx_word' id='word_1_151' title='bbox 1003 2181 1066 2246; x_wconf 76' lang='lat' dir='ltr'>sper</span> 
     </span>
     <span class='ocr_line' id='line_1_22' title="bbox 121 2245 273 2307; baseline 0 -1"><span class='ocrx_word' id='word_1_152' title='bbox 121 2245 184 2306; x_wconf 66' lang='lat' dir='ltr'>sitae</span> <span class='ocrx_word' id='word_1_153' title='bbox 198 2259 273 2307; x_wconf 82' lang='lat' dir='ltr'>aunt.</span> 
     </span>
    </p>

    <p class='ocr_par' dir='ltr' id='par_1_5' title="bbox 120 2321 1066 2498">
     <span class='ocr_line' id='line_1_23' title="bbox 162 2321 1066 2415; baseline -0.001 -20"><span class='ocrx_word' id='word_1_154' title='bbox 162 2329 361 2413; x_wconf 85' lang='lat' dir='ltr'>Pythagoras,</span> <span class='ocrx_word' id='word_1_155' title='bbox 376 2321 570 2412; x_wconf 76' lang='lat' dir='ltr'>tyrarmidem¹</span> <span class='ocrx_word' id='word_1_156' title='bbox 588 2330 719 2415; x_wconf 82' lang='lat' dir='ltr'>fugiens,</span> <span class='ocrx_word' id='word_1_157' title='bbox 734 2330 766 2394; x_wconf 90' lang='lat' dir='ltr'>in</span> <span class='ocrx_word' id='word_1_158' title='bbox 788 2327 910 2394; x_wconf 87' lang='lat' dir='ltr'>Italiam</span> <span class='ocrx_word' id='word_1_159' title='bbox 925 2327 1018 2406; x_wconf 88' lang='lat' dir='ltr'>venit,</span> <span class='ocrx_word' id='word_1_160' title='bbox 1032 2339 1066 2394; x_wconf 90' lang='lat' dir='ltr'>et</span> 
     </span>
     <span class='ocr_line' id='line_1_24' title="bbox 120 2414 1066 2498; baseline 0.003 -23"><span class='ocrx_word' id='word_1_161' title='bbox 120 2433 189 2496; x_wconf 86' lang='lat' dir='ltr'>quae</span> <span class='ocrx_word' id='word_1_162' title='bbox 204 2415 355 2477; x_wconf 88' lang='lat' dir='ltr'>didicerat</span> <span class='ocrx_word' id='word_1_163' title='bbox 375 2414 415 2477; x_wconf 91' lang='lat' dir='ltr'>de</span> <span class='ocrx_word' id='word_1_164' title='bbox 437 2435 537 2478; x_wconf 87' lang='lat' dir='ltr'>rerum</span> <span class='ocrx_word' id='word_1_165' title='bbox 558 2417 666 2479; x_wconf 70' lang='lat' dir='ltr'>natura</span> <span class='ocrx_word' id='word_1_166' title='bbox 687 2415 853 2498; x_wconf 89' lang='lat' dir='ltr'>mundique</span> <span class='ocrx_word' id='word_1_167' title='bbox 879 2414 1010 2495; x_wconf 86' lang='lat' dir='ltr'>aperuit,</span> <span class='ocrx_word' id='word_1_168' title='bbox 1032 2424 1066 2478; x_wconf 91' lang='lat' dir='ltr'>et</span> 
     </span>
    </p>
   </div>
   <div class='ocr_carea' id='block_1_4' title="bbox 120 2497 1087 2580">
    <p class='ocr_par' dir='ltr' id='par_1_6' title="bbox 120 2497 1087 2580">
     <span class='ocr_line' id='line_1_25' title="bbox 120 2497 1087 2580; baseline 0.004 -20"><span class='ocrx_word' id='word_1_169' title='bbox 120 2497 160 2560; x_wconf 90' lang='lat' dir='ltr'>ad</span> <span class='ocrx_word' id='word_1_170' title='bbox 181 2499 307 2562; x_wconf 92' lang='lat' dir='ltr'>modum</span> <span class='ocrx_word' id='word_1_171' title='bbox 328 2499 424 2562; x_wconf 85' lang='lat' dir='ltr'>seculi</span> <span class='ocrx_word' id='word_1_172' title='bbox 446 2500 562 2579; x_wconf 89' lang='lat' dir='ltr'>docuit,</span> <span class='ocrx_word' id='word_1_173' title='bbox 584 2500 626 2563; x_wconf 91' lang='lat' dir='ltr'>ad</span> <span class='ocrx_word' id='word_1_174' title='bbox 647 2522 718 2564; x_wconf 84' lang='lat' dir='ltr'>usus</span> <span class='ocrx_word' id='word_1_175' title='bbox 739 2498 928 2564; x_wconf 87' lang='lat' dir='ltr'>necessarios</span> <span class='ocrx_word' id='word_1_176' title='bbox 949 2509 1087 2580; x_wconf 81' lang='lat' dir='ltr'>cuneta¹</span> 
     </span>
    </p>
   </div>
   <div class='ocr_carea' id='block_1_5' title="bbox 120 2582 872 2666">
    <p class='ocr_par' dir='ltr' id='par_1_7' title="bbox 120 2582 872 2666">
     <span class='ocr_line' id='line_1_26' title="bbox 120 2582 872 2666; baseline -0.001 -20"><span class='ocrx_word' id='word_1_177' title='bbox 120 2583 277 2666; x_wconf 81' lang='lat' dir='ltr'>praebente</span> <span class='ocrx_word' id='word_1_178' title='bbox 293 2583 381 2659; x_wconf 69' lang='lat' dir='ltr'>tend,</span> <span class='ocrx_word' id='word_1_179' title='bbox 396 2583 482 2648; x_wconf 83' lang='lat' dir='ltr'>nefas</span> <span class='ocrx_word' id='word_1_180' title='bbox 496 2607 564 2649; x_wconf 89' lang='lat' dir='ltr'>esse</span> <span class='ocrx_word' id='word_1_181' title='bbox 581 2585 765 2648; x_wconf 84' lang='lat' dir='ltr'>animalibus</span> <span class='ocrx_word' id='word_1_182' title='bbox 778 2582 872 2648; x_wconf 85' lang='lat' dir='ltr'>uesci.</span> 
     </span>
    </p>
   </div>
   <div class='ocr_carea' id='block_1_6' title="bbox 116 2686 1066 3600">
    <p class='ocr_par' dir='ltr' id='par_1_8' title="bbox 117 2686 1066 3194">
     <span class='ocr_line' id='line_1_27' title="bbox 161 2686 1066 2774; baseline 0.003 -24"><span class='ocrx_word' id='word_1_183' title='bbox 161 2686 272 2750; x_wconf 87' lang='lat' dir='ltr'>Priscis</span> <span class='ocrx_word' id='word_1_184' title='bbox 295 2688 583 2770; x_wconf 74' lang='lat' dir='ltr'>temporibuS,cr¹1m</span> <span class='ocrx_word' id='word_1_185' title='bbox 608 2689 709 2752; x_wconf 89' lang='lat' dir='ltr'>adhue</span> <span class='ocrx_word' id='word_1_186' title='bbox 740 2690 824 2752; x_wconf 89' lang='lat' dir='ltr'>nuda</span> <span class='ocrx_word' id='word_1_187' title='bbox 845 2688 939 2752; x_wconf 88' lang='lat' dir='ltr'>virtus</span> <span class='ocrx_word' id='word_1_188' title='bbox 961 2689 1066 2774; x_wconf 85' lang='lat' dir='ltr'>plaee-</span> 
     </span>
     <span class='ocr_line' id='line_1_28' title="bbox 118 2773 1064 2860; baseline 0.003 -25"><span class='ocrx_word' id='word_1_189' title='bbox 118 2782 175 2848; x_wconf 90' lang='lat' dir='ltr'>ret,</span> <span class='ocrx_word' id='word_1_190' title='bbox 192 2773 338 2856; x_wconf 87' lang='lat' dir='ltr'>vigebant</span> <span class='ocrx_word' id='word_1_191' title='bbox 360 2783 439 2836; x_wconf 91' lang='lat' dir='ltr'>artes</span> <span class='ocrx_word' id='word_1_192' title='bbox 475 2773 629 2857; x_wconf 85' lang='lat' dir='ltr'>ingenuae,</span> <span class='ocrx_word' id='word_1_193' title='bbox 659 2794 871 2854; x_wconf 83' lang='lat' dir='ltr'>summumque</span> <span class='ocrx_word' id='word_1_194' title='bbox 906 2783 1064 2860; x_wconf 82' lang='lat' dir='ltr'>certamen</span> 
     </span>
     <span class='ocr_line' id='line_1_29' title="bbox 118 2855 1065 2942; baseline -0.001 -23"><span class='ocrx_word' id='word_1_195' title='bbox 118 2855 199 2919; x_wconf 87' lang='lat' dir='ltr'>inter</span> <span class='ocrx_word' id='word_1_196' title='bbox 220 2855 358 2920; x_wconf 90' lang='lat' dir='ltr'>homines</span> <span class='ocrx_word' id='word_1_197' title='bbox 380 2867 456 2934; x_wconf 90' lang='lat' dir='ltr'>erat,</span> <span class='ocrx_word' id='word_1_198' title='bbox 485 2879 524 2922; x_wconf 88' lang='lat' dir='ltr'>ne</span> <span class='ocrx_word' id='word_1_199' title='bbox 549 2859 623 2940; x_wconf 88' lang='lat' dir='ltr'>quid</span> <span class='ocrx_word' id='word_1_200' title='bbox 652 2858 842 2942; x_wconf 88' lang='lat' dir='ltr'>profuturum</span> <span class='ocrx_word' id='word_1_201' title='bbox 864 2858 987 2922; x_wconf 77' lang='lat' dir='ltr'>saeculis</span> <span class='ocrx_word' id='word_1_202' title='bbox 1010 2858 1065 2920; x_wconf 91' lang='lat' dir='ltr'>diu</span> 
     </span>
     <span class='ocr_line' id='line_1_30' title="bbox 118 2939 1066 3024; baseline 0 -20"><span class='ocrx_word' id='word_1_203' title='bbox 118 2939 241 3004; x_wconf 85' lang='lat' dir='ltr'>lateret.</span> <span class='ocrx_word' id='word_1_204' title='bbox 284 2940 393 3024; x_wconf 91' lang='lat' dir='ltr'>ltaque</span> <span class='ocrx_word' id='word_1_205' title='bbox 408 2941 545 3006; x_wconf 89' lang='lat' dir='ltr'>omnium</span> <span class='ocrx_word' id='word_1_206' title='bbox 559 2943 723 3008; x_wconf 87' lang='lat' dir='ltr'>herbarum</span> <span class='ocrx_word' id='word_1_207' title='bbox 745 2963 855 3005; x_wconf 86' lang='lat' dir='ltr'>suecos</span> <span class='ocrx_word' id='word_1_208' title='bbox 868 2941 1066 3008; x_wconf 81' lang='lat' dir='ltr'>Darrrocritus</span> 
     </span>
     <span class='ocr_line' id='line_1_31' title="bbox 117 3025 1064 3112; baseline -0.002 -24"><span class='ocrx_word' id='word_1_209' title='bbox 117 3026 277 3109; x_wconf 81' lang='lat' dir='ltr'>expressit,</span> <span class='ocrx_word' id='word_1_210' title='bbox 305 3037 347 3104; x_wconf 86' lang='lat' dir='ltr'>et,</span> <span class='ocrx_word' id='word_1_211' title='bbox 374 3047 414 3090; x_wconf 89' lang='lat' dir='ltr'>ne</span> <span class='ocrx_word' id='word_1_212' title='bbox 443 3027 579 3110; x_wconf 90' lang='lat' dir='ltr'>lapidum</span> <span class='ocrx_word' id='word_1_213' title='bbox 603 3027 863 3112; x_wconf 84' lang='lat' dir='ltr'>virgultorumque</span> <span class='ocrx_word' id='word_1_214' title='bbox 880 3025 924 3088; x_wconf 86' lang='lat' dir='ltr'>vis</span> <span class='ocrx_word' id='word_1_215' title='bbox 944 3025 1064 3102; x_wconf 89' lang='lat' dir='ltr'>lateret,</span> 
     </span>
     <span class='ocr_line' id='line_1_32' title="bbox 117 3111 771 3194; baseline 0 -20"><span class='ocrx_word' id='word_1_216' title='bbox 117 3119 241 3174; x_wconf 80' lang='lat' dir='ltr'>aetatem</span> <span class='ocrx_word' id='word_1_217' title='bbox 256 3111 335 3174; x_wconf 88' lang='lat' dir='ltr'>inter</span> <span class='ocrx_word' id='word_1_218' title='bbox 348 3112 557 3194; x_wconf 83' lang='lat' dir='ltr'>experimenta</span> <span class='ocrx_word' id='word_1_219' title='bbox 571 3111 771 3194; x_wconf 86' lang='lat' dir='ltr'>consumpsit.</span> 
     </span>
    </p>

    <p class='ocr_par' dir='ltr' id='par_1_9' title="bbox 116 3193 1066 3600">
     <span class='ocr_line' id='line_1_33' title="bbox 160 3193 1065 3280; baseline -0.001 -22"><span class='ocrx_word' id='word_1_220' title='bbox 160 3194 429 3278; x_wconf 86' lang='lat' dir='ltr'>Carthaginienses</span> <span class='ocrx_word' id='word_1_221' title='bbox 455 3197 534 3260; x_wconf 89' lang='lat' dir='ltr'>duos</span> <span class='ocrx_word' id='word_1_222' title='bbox 554 3198 777 3280; x_wconf 84' lang='lat' dir='ltr'>gubernatores</span> <span class='ocrx_word' id='word_1_223' title='bbox 804 3193 874 3268; x_wconf 79' lang='lat' dir='ltr'>nari</span> <span class='ocrx_word' id='word_1_224' title='bbox 902 3193 1065 3272; x_wconf 86' lang='lat' dir='ltr'>dederunt,</span> 
     </span>
     <span class='ocr_line' id='line_1_34' title="bbox 117 3276 1066 3376; baseline 0 -34"><span class='ocrx_word' id='word_1_225' title='bbox 117 3277 284 3343; x_wconf 87' lang='lat' dir='ltr'>absurdum</span> <span class='ocrx_word' id='word_1_226' title='bbox 299 3301 366 3344; x_wconf 89' lang='lat' dir='ltr'>esse</span> <span class='ocrx_word' id='word_1_227' title='bbox 381 3279 530 3360; x_wconf 66' lang='lat' dir='ltr'>dicentes</span> <span class='ocrx_word' id='word_1_228' title='bbox 545 3281 608 3346; x_wconf 93' lang='lat' dir='ltr'>duo</span> <span class='ocrx_word' id='word_1_229' title='bbox 629 3281 755 3364; x_wconf 88' lang='lat' dir='ltr'>quidem</span> <span class='ocrx_word' id='word_1_230' title='bbox 778 3276 989 3376; x_wconf 87' lang='lat' dir='ltr'>gubernacula</span> <span class='ocrx_word' id='word_1_231' title='bbox 1008 3277 1066 3342; x_wconf 87' lang='lat' dir='ltr'>ha·</span> 
     </span>
     <span class='ocr_line' id='line_1_35' title="bbox 116 3363 1066 3450; baseline -0.001 -23"><span class='ocrx_word' id='word_1_232' title='bbox 116 3363 211 3443; x_wconf 82' lang='lat' dir='ltr'>bero3</span> <span class='ocrx_word' id='word_1_233' title='bbox 231 3385 304 3428; x_wconf 87' lang='lat' dir='ltr'>eum</span> <span class='ocrx_word' id='word_1_234' title='bbox 323 3365 405 3441; x_wconf 80' lang='lat' dir='ltr'>rard,</span> <span class='ocrx_word' id='word_1_235' title='bbox 419 3366 472 3449; x_wconf 89' lang='lat' dir='ltr'>qui</span> <span class='ocrx_word' id='word_1_236' title='bbox 496 3366 713 3450; x_wconf 88' lang='lat' dir='ltr'>navigantibus</span> <span class='ocrx_word' id='word_1_237' title='bbox 727 3363 906 3427; x_wconf 81' lang='lat' dir='ltr'>utilissimus</span> <span class='ocrx_word' id='word_1_238' title='bbox 919 3372 1018 3440; x_wconf 83' lang='lat' dir='ltr'>esset,</span> <span class='ocrx_word' id='word_1_239' title='bbox 1031 3372 1066 3426; x_wconf 86' lang='lat' dir='ltr'>et</span> 
     </span>
     <span class='ocr_line' id='line_1_36' title="bbox 116 3447 1064 3531; baseline -0.001 -20"><span class='ocrx_word' id='word_1_240' title='bbox 116 3447 279 3531; x_wconf 88' lang='lat' dir='ltr'>imperium</span> <span class='ocrx_word' id='word_1_241' title='bbox 299 3448 385 3513; x_wconf 83' lang='lat' dir='ltr'>navis</span> <span class='ocrx_word' id='word_1_242' title='bbox 409 3459 539 3529; x_wconf 89' lang='lat' dir='ltr'>teneret,</span> <span class='ocrx_word' id='word_1_243' title='bbox 563 3451 661 3516; x_wconf 87' lang='lat' dir='ltr'>solum</span> <span class='ocrx_word' id='word_1_244' title='bbox 683 3460 714 3515; x_wconf 89' lang='lat' dir='ltr'>et</span> <span class='ocrx_word' id='word_1_245' title='bbox 735 3448 852 3531; x_wconf 82' lang='lat' dir='ltr'>absque</span> <span class='ocrx_word' id='word_1_246' title='bbox 884 3465 1064 3513; x_wconf 76' lang='lat' dir='ltr'>successam</span> 
     </span>
     <span class='ocr_line' id='line_1_37' title="bbox 116 3534 348 3600; baseline 0 -5"><span class='ocrx_word' id='word_1_247' title='bbox 116 3553 156 3598; x_wconf 83' lang='lat' dir='ltr'>ao</span> <span class='ocrx_word' id='word_1_248' title='bbox 171 3534 257 3598; x_wconf 81' lang='lat' dir='ltr'>socio</span> <span class='ocrx_word' id='word_1_249' title='bbox 271 3555 348 3600; x_wconf 82' lang='lat' dir='ltr'>esse¹</span> 
     </span>
    </p>
   </div>
   <div class='ocr_carea' id='block_1_7' title="bbox 0 0 1194 3832">
    <p class='ocr_par' dir='ltr' id='par_1_10' title="bbox 0 0 1194 3832">
     <span class='ocr_line' id='line_1_38' title="bbox 0 0 1194 3832; baseline 0 0"><span class='ocrx_word' id='word_1_250' title='bbox 0 0 1194 3832; x_wconf 95' lang='lat' dir='ltr'> </span> 
     </span>
    </p>
   </div>
  </div>
 </body>
</html>
